4872 6552
1264 838 1466 932 -98-⁴

700 1048 834 1117 partem,
860 1036 905 1098 sic
929 1036 939 1072 ¹
960 1050 990 1100 et
1011 1036 1099 1100 uidet
1123 1036 1303 1099 secundum
1330 1050 1463 1120 partem.
1489 1037 1610 1100 Modus
1636 1051 1744 1101 tamen
1775 1038 1909 1101 unionis
1933 1030 2030 1120 partis

700 1142 840 1206 uidentis
865 1142 906 1206 ad
930 1143 1009 1206 alias
1042 1144 1075 1205 in
1108 1157 1175 1207 toto
1208 1144 1339 1207 uidente
1369 1144 1487 1207 alius²
1515 1157 1562 1208 est
1591 1165 1691 1227 quam
1723 1144 1841 1208 modus
1862 1148 1875 1187 1
1898 1145 2030 1207 vnionis

699 1251 797 1332 partis
824 1249 1031 1332 intelligentis
1056 1250 1095 1313 ad
1120 1251 1199 1314 alias
1222 1265 1325 1333 partes
1346 1252 1379 1313 in
1400 1265 1467 1315 toto
1491 1250 1698 1333 intelligente.
1725 1250 1897 1314 Sufficiens
1920 1266 2029 1314 tamen

698 1371 745 1420 est
759 1359 837 1420 vnio
857 1358 896 1420 ad
918 1357 980 1420 hoc
1000 1372 1034 1420 ut
1051 1358 1138 1440 quod
1161 1360 1240 1441 parti
1262 1360 1356 1434 inest,
1378 1378 1434 1441 per
1453 1372 1573 1441 partem
1596 1360 1652 1423 toti
1672 1360 1886 1436 attribuatur;
1907 1374 1936 1422 et
1951 1356 2029 1440 quid

655 1481 667 1525 5
698 1466 739 1527 sit
766 1465 883 1528 modus
909 1466 1041 1527 unionis
1068 1466 1132 1528 iam
1161 1467 1268 1528 visum
1296 1479 1352 1528 est.
1383 1466 1421 1529 Et
1448 1466 1627 1529 secundum
1659 1466 1795 1529 modum
1826 1486 1923 1549 quem
1954 1465 2030 1528 dicit

702 1572 853 1647 Thomas,
877 1573 979 1635 homo
1001 1572 1190 1653 intelligeret
1213 1577 1237 1647 1,
1261 1593 1328 1635 non
1353 1586 1481 1636 tantum
1506 1573 1685 1636 secundum
1717 1572 1913 1636 intellectum
1939 1575 1951 1615 1
1975 1572 2029 1635 sed

696 1681 797 1742 eciam
825 1680 1004 1743 secundum
1032 1700 1149 1761 corpus
1164 1684 1187 1755 1,
1204 1681 1286 1743 sicut
1309 1683 1368 1743 et⁷
1392 1684 1464 1743 est8
1489 1681 1595 1763 ipsum
1623 1681 1732 1743 uidere
1755 1682 1867 1743 anima
1887 1684 1899 1722 1
1923 1681 2029 1742 uisiua

696 1799 727 1850 et
741 1807 874 1869 corpore
893 1788 991 1862 oculi,
1009 1800 1137 1870 propter
1152 1787 1213 1849 hoc
1228 1787 1316 1871 quod
1333 1787 1450 1850 modus
1465 1789 1597 1850 vnionis
1612 1789 1722 1851 anime
1737 1789 1842 1851 uisiue
1857 1788 1896 1850 ad
1912 1808 2029 1871 corpus

696 1894 780 1957 oculi
797 1909 844 1957 est
860 1898 884 1936 11
903 1897 985 1957 sicut
1001 1894 1101 1978 figure
1120 1895 1160 1958 ad
1180 1915 1298 1970 ceram,
1314 1909 1344 1957 et
1359 1894 1463 1958 forme
1478 1914 1545 1958 esse
1559 1896 1731 1959 tribuentis
1746 1896 1785 1958 ad
1803 1897 1982 1958 materiam.

637 2031 666 2062 ιο
776 2002 1025 2085 [Responsiones
1040 2004 1085 2064 ad
1098 2003 1245 2084 obiecta]
1262 2004 1317 2064 Ad
1323 2003 1470 2085 primum
1488 2004 1521 2064 in
1537 2004 1737 2085 oppositum,
1750 2003 1925 2066 dicendum
1942 2016 1989 2066 est
2006 2006 2029 2045 11

695 2109 879 2193 quodcum
900 2109 1018 2172 dicitur
1036 2110 1160 2193 aliquid
1181 2111 1246 2192 agit
1265 2129 1320 2192 per
1339 2130 1432 2172 suam
1453 2109 1606 2184 formam,
1629 2111 1793 2173 extensiue
1813 2110 1906 2173 debet
1927 2110 2027 2193 accipi

695 2215 812 2291 forma,
834 2231 869 2280 ut
890 2230 920 2279 et
942 2218 1154 2280 intrinsecum
1178 2236 1316 2298 operans
1338 2216 1378 2279 ad
1402 2217 1569 2280 materiam
1593 2215 1698 2280 forma
1719 2217 1855 2280 dicatur.
1881 2217 1977 2280 Vnde
1998 2230 2028 2281 et

695 2325 764 2407 ipsa
788 2343 921 2407 corpora
945 2324 1072 2387 celestia
1095 2324 1250 2388 dicuntur
1275 2345 1405 2388 mouere
1429 2344 1461 2388 se
1486 2338 1613 2408 propter
1637 2324 1698 2387 hoe
1721 2325 1809 2407 quod
1833 2325 1931 2389 altera
1956 2346 2028 2408 pars

694 2452 806 2495 eorum
825 2445 975 2495 mouetur
989 2433 1030 2495 ab
1046 2434 1221 2496 intrinseco
1237 2434 1394 2496 mouenti.
1413 2432 1478 2495 Nec
1493 2447 1540 2496 est
1555 2432 1801 2515 intelligendum
1817 2432 1906 2515 quod
1927 2433 2027 2496 homo

635 2556 664 2600 15
694 2539 766 2602 ideo
794 2539 963 2622 intelligat,
992 2539 1079 2622 quod
1111 2539 1291 2602 intellectus
1325 2541 1366 2602 sit
1399 2552 1506 2603 motor
1538 2539 1703 2616 hominis;
1734 2539 1910 2622 intelligere
1937 2541 2026 2603 enim

694 2648 727 2708 in
752 2647 888 2710 bomine
909 2661 1036 2709 motum
1062 2647 1249 2710 naturaliter
1271 2646 1430 2730 precedit;
1455 2666 1513 2710 nec
1533 2649 1633 2710 eciam
1659 2648 1759 2711 homo
1782 2647 1932 2729 intelligit
1951 2649 2027 2731 quia

694 2754 911 2836 intelligibilia
936 2754 1129 2817 fantasmata
1153 2756 1218 2818 sint
1243 2755 1337 2817 nobis
1361 2734 1477 2831 vnita3⁴
1496 2754 1551 2817 sed
1573 2756 1662 2837 quia,
1685 2756 1767 2817 sicut
1792 2756 1880 2837 prius
1902 2754 2025 2818 dictum

693 2874 751 2937 est,
776 2881 851 2923 eum
878 2861 1058 2924 intellectus
1084 2862 1294 2945 intelligendo
1318 2863 1359 2925 sit
1382 2881 1531 2944 operans,
1554 2863 1624 2924 sine
1648 2875 1738 2925 motu
1763 2875 1810 2925 est
1833 2882 1970 2945 operans
1993 2863 2025 2924 in

692 2968 870 3051 operand0‚
895 2970 984 3031 vnite
1009 2972 1034 3011 11
1057 2988 1090 3032 se
1113 2968 1236 3032 habens
1260 2969 1300 3032 ad
1324 2989 1442 3052 corpus
1467 2989 1521 3052 per
1545 2990 1637 3032 suam
1664 2982 1824 3033 naturam.

631 3106 663 3138 20
772 3077 828 3138 Ad
844 3078 1031 3149 secundum,
1052 3076 1227 3138 dicendum
1244 3076 1332 3159 quod
1353 3077 1454 3139 homo
1473 3090 1520 3139 est
1539 3076 1640 3139 homo
1661 3096 1715 3159 per
1736 3076 1947 3152 intellectum,
1968 3096 2027 3139 nec

693 3194 802 3245 tamen
824 3196 953 3265 propter
971 3182 1033 3246 hoc
1051 3196 1176 3266 oportet
1190 3183 1323 3247 alteram
1346 3198 1467 3266 partem
1491 3184 1590 3246 huius
1604 3185 1775 3266 compositi
1790 3184 1875 3247 vniri
1896 3183 1985 3247 alteri
2002 3186 2026 3226 11

693 3290 773 3372 parti
794 3303 831 3352 ut
849 3289 951 3372 figura
970 3310 1038 3353 cere
1054 3292 1165 3353 vnitur
1176 3312 1185 3367 ;
1207 3291 1261 3353 sed
1283 3290 1402 3355 sufficit
1421 3291 1509 3374 quod
1525 3294 1551 3334 11
1566 3291 1707 3372 predicto
1728 3290 1827 3353 modo
1842 3291 1973 3354 vniatur
1991 3303 2027 3353 ut

663 3463 668 3473 ,
692 3409 796 3459 totum
822 3398 1041 3479 compositum
1067 3398 1108 3460 ab
1130 3418 1168 3460 eo
1192 3398 1432 3461 denominetur.
1456 3398 1494 3460 Et
1516 3412 1562 3461 est
1583 3398 1816 3461 attendendum
1839 3380 1928 3480 quo'd
1950 3417 2024 3459 cum

692 3501 793 3566 homo
808 3504 1041 3568 denominatur
1055 3508 1080 3546 11
1101 3505 1284 3588 intelligens
1300 3509 1325 3548 11
1339 3506 1380 3568 ab
1395 3524 1490 3588 opere
1510 3504 1702 3577 intellectus,
1718 3518 1749 3568 et
1764 3508 1788 3547 11
1803 3525 1820 3566 a
1841 3504 2026 3569 substancia

631 3629 662 3673 25
692 3610 761 3672 eius
777 3610 873 3674 habet
892 3611 1211 3675 denominacionem.
1229 3612 1326 3692 Quod
1341 3614 1430 3675 enim
1446 3612 1679 3675 denominatur
1698 3612 1739 3674 ab
1758 3613 1828 3674 eius
1850 3612 2025 3686 accidente,

691 3730 722 3780 et
740 3718 781 3780 ab
798 3719 868 3780 eius
888 3718 1083 3782 substancia.
1101 3719 1265 3799 Quociens
1280 3734 1389 3782 autem
1410 3733 1456 3783 est
1476 3720 1682 3782 denominari
1702 3734 1732 3782 et
1746 3719 1822 3793 dici,
1839 3719 1960 3782 tociens
1980 3732 2026 3781 est

691 3845 770 3900 esse,
796 3839 831 3887 ut
858 3824 936 3888 dicit
966 3826 1198 3908 Philosophus,
1223 3828 1340 3909 quinto
1368 3827 1591 3909 llletapbisice.
1615 3826 1710 3890 Vnde
1742 3846 1797 3909 per
1826 3826 2024 3889 intellectum

692 3932 792 3995 homo
816 3945 863 3994 est
887 3932 999 4007 h0m0,
1016 3946 1046 3995 et
1069 3934 1115 3995 sic
1138 3933 1381 3997 denominatur.

771 4040 826 4101 Ad
849 4040 996 4114 tercium,
1022 4040 1197 4103 dicendum
1222 4041 1311 4123 quod
1336 4043 1406 4103 sine
1429 4040 1531 4104 dubio
1555 4042 1684 4123 propria
1708 4041 1855 4123 operatio
1880 4040 2026 4103 hominis

629 4165 662 4208 ³0
691 4159 737 4209 est
753 4145 941 4228 intelligere,
957 4148 1036 4209 etin
1053 4150 1077 4189 ¹⁸
1092 4147 1154 4210 hoc
1169 4146 1352 4224 felicitatur,
1369 4161 1404 4211 ut
1418 4148 1537 4211 dicitur
1551 4148 1678 4211 decimo
1694 4146 1883 4210 Moralium.
1899 4146 1984 4210 Nam
2002 4148 2026 4188 11

692 4252 872 4316 intellectus
887 4274 906 4315 a
920 4273 986 4335 quo
1000 4266 1047 4317 est
1062 4254 1239 4337 intelligere
1253 4258 1279 4297 11
1295 4274 1445 4337 suprema
1464 4270 1511 4318 est
1530 4257 1635 4318 uirtus
1651 4258 1684 4316 in
1701 4255 1836 4317 homine
1851 4267 1882 4317 et
1897 4255 2025 4336 propria

691 4359 831 4422 homini.
859 4360 919 4423 Sed
945 4360 985 4423 ad
1010 4361 1070 4424 hoc
1092 4362 1179 4445 quod
1205 4362 1380 4445 intelligere
1404 4363 1444 4424 sit
1469 4363 1595 4425 homini
1622 4363 1750 4445 propria
1774 4362 1934 4443 operacio,
1957 4379 2024 4423 non

690 4480 815 4550 oportet
836 4467 925 4551 quod
947 4468 1049 4551 ipsius
1072 4469 1217 4531 hominis
1237 4469 1410 4552 compositi
1433 4470 1619 4532 substancia
1640 4488 1659 4531 a
1681 4489 1745 4552 qua
1766 4481 1814 4531 est
1837 4466 2024 4550 intelligere,

773 4762 863 4817 ¹P»—
880 4781 902 4817 r.
923 4796 956 4803 -
978 4762 1075 4817 'V=
1089 4763 1178 4818 illius,
1192 4795 1226 4803 -
1240 4764 1252 4797 1
1267 4765 1290 4817 V
1304 4796 1337 4804 -
1357 4781 1378 4818 r.
1394 4764 1537 4817 —-⁴V:
1551 4764 1692 4835 intelligit.
1708 4764 1850 4817 -⁶V=
1866 4763 1928 4819 siue
1945 4750 2025 4819 intel-

690 4852 751 4920 ligit
765 4868 844 4907 cum.
861 4885 893 4891 -
905 4853 1112 4924 lVsscorpus
1127 4853 1227 4907 eciam.
1244 4885 1277 4892 -
1292 4854 1302 4887 1
1315 4853 1338 4904 V
1352 4885 1385 4892 -
1403 4870 1424 4907 r.
1441 4886 1474 4894 —
1485 4854 1496 4886 1
1509 4855 1529 4904 V
1544 4855 1578 4924 -Ι-
1591 4853 1693 4908 eciam.
1709 4885 1742 4893 —
1756 4854 1768 4885 1
1782 4854 1805 4905 V
1817 4879 1853 4898 =
1866 4853 1975 4908 omnia.
1990 4884 2024 4892 -

690 4942 794 5011 ¹⁰P†
809 4941 908 4996 uisive.
926 4973 955 4981 -
971 4943 992 4974 ¹¹
1008 4944 1029 4996 P
1043 4972 1076 4981 —
1096 4959 1116 4996 1.
1134 4973 1168 4982 -
1183 4942 1204 4974 11
1220 4942 1390 4997 Vzunice.
1405 4975 1438 4983 -
1457 4942 1477 4974 11
1493 4945 1555 4999 Ρ-
1570 4961 1591 4997 1.
1608 4975 1642 4982 —
1661 4943 1681 4975 ¹⁴
1697 4945 1765 4998 P—
1779 4958 1804 4997 2.
1820 4974 1854 4982 -
1870 4943 1891 4975 11
1905 4942 2024 4997 P=de-

690 5030 869 5085 nominetur.
886 5062 919 5070 -
947 5030 967 5063 11
984 5031 1054 5082 V=
1067 5031 1241 5087 intellectus.
1262 5062 1296 5072 —
1317 5032 1336 5065 11
1352 5034 1373 5087 Ρ
1395 5034 1430 5102 -Ι-
1451 5048 1477 5087 a.
1501 5062 1535 5073 -
1557 5032 1577 5065 11
1603 5033 1624 5087 Ρ
1644 5064 1678 5073 -
1702 5049 1723 5088 r.
1744 5063 1777 5072 -
1800 5031 1822 5064 11
1840 5035 1863 5088 Ρ
1880 5033 1915 5101 -Ι-
1932 5044 1969 5086 et.
1989 5062 2024 5070 -

691 5118 713 5150 11
727 5118 750 5171 V
763 5144 799 5163 2
813 5119 970 5189 intelligere
989 5131 1041 5174 est.
