4872 6552
1260 892 1465 967 2944

697 1084 764 1137 non
793 1087 840 1136 est
867 1074 936 1135 eius
963 1072 1144 1154 corrupcio.
1176 1071 1258 1154 Ergo
1288 1091 1355 1135 non
1385 1070 1481 1134 habet
1509 1090 1576 1134 esse
1610 1072 1741 1135 unitum
1770 1070 1811 1133 ad
1846 1060 2026 1133 materiam.

698 1180 736 1244 Et
769 1179 948 1244 declaratur
983 1181 1067 1242 racio
1101 1179 1135 1240 in
1168 1168 1328 1260 exemplo.
1359 1178 1445 1241 Cum
1479 1177 1578 1260 ligna,
1609 1178 1732 1261 lapides
1765 1189 1795 1240 et
1828 1177 1925 1241 latera
1954 1180 1965 1220 ¹
1993 1178 2027 1238 in

695 1288 796 1351 domo
817 1300 943 1351 cessant
963 1307 1031 1351 esse
1049 1287 1229 1370 composita
1250 1305 1269 1348 a
1291 1285 1396 1349 forma
1416 1285 1668 1369 composicionis
1689 1305 1817 1360 eorum,
1839 1297 1941 1349 cessat
1961 1302 2029 1347 esse

695 1397 913 1478 compositum
926 1400 956 1471 ²3
973 1409 1004 1459 et
1021 1415 1096 1458 cum
1117 1394 1299 1458 secundum
1319 1393 1456 1476 figuram
1477 1405 1577 1456 cessat
1594 1392 1718 1476 aliquid
1734 1392 1907 1476 figuratum
1923 1412 1992 1456 esse
2003 1395 2027 1468 1,

653 1516 666 1561 5
695 1516 796 1567 cessat
818 1522 886 1567 esse
908 1502 1020 1586 figura.
1045 1503 1085 1566 Et
1105 1501 1253 1565 similiter
1274 1514 1322 1564 est
1342 1500 1382 1564 de
1404 1500 1509 1564 forma
1531 1500 1740 1564 substantiali
1764 1500 1805 1563 ad
1830 1499 1911 1563 illud
1935 1501 2029 1563 cuius

695 1624 743 1675 est
758 1611 875 1687 forma,
888 1610 976 1694 quod
992 1630 1067 1673 cum
1085 1610 1265 1673 secundum
1281 1628 1353 1673 eam
1369 1622 1470 1672 cessat
1483 1628 1552 1672 esse
1566 1609 1712 1685 materia,
1727 1621 1829 1672 cessat
1842 1627 1910 1671 esse
1926 1606 2029 1671 forme

696 1718 871 1782 materialis
885 1721 909 1794 1,
927 1717 999 1783 licet
1014 1719 1122 1781 uerius
1138 1719 1178 1782 sit
1194 1719 1227 1780 in
1242 1716 1431 1781 accidentali
1448 1715 1553 1780 forma
1567 1736 1667 1800 quam
1684 1714 1907 1779 substanciali.

778 1826 816 1889 Et
844 1839 921 1888 sunt
949 1828 1008 1889 iste
1035 1826 1181 1889 raciones
1213 1825 1339 1889 essendi
1368 1844 1433 1908 qua
1457 1826 1470 1866 1
1496 1823 1621 1907 aliquid
1649 1823 1746 1886 habet
1777 1842 1846 1886 esse
1871 1823 1960 1886 vnite
1988 1821 2028 1886 ad

697 1933 878 2008 materiam,
893 1947 924 1996 ει
938 1953 1002 2015 qua
1016 1931 1141 2015 aliquid
1161 1931 1258 1996 habet
1277 1933 1439 1995 racionem
1461 1931 1666 1995 subsistentis
1686 1950 1741 2013 per
1761 1950 1806 2006 se,
1824 1942 1855 1994 et
1873 1942 2027 2013 separate,

637 2067 667 2099 ιο
695 2042 842 2123 opposite
861 2039 941 2103 adeo
960 2039 1049 2124 quod
1068 2040 1173 2104 eidem
1194 2041 1298 2103 inesse
1322 2059 1389 2103 non
1415 2052 1562 2123 possunt.
1581 2037 1678 2102 Vnde
1696 2039 1808 2102 anima
1833 2037 2029 2101 intellectlua

698 2168 763 2211 non
780 2162 884 2231 potest
902 2147 1019 2211 habere
1038 2150 1201 2212 racionem
1218 2168 1273 2231 per
1288 2168 1321 2211 se
1335 2147 1552 2223 subsistentis,
1572 2160 1603 2210 et
1620 2167 1696 2210 cum
1713 2146 1786 2223 hoc,
1802 2165 1907 2210 unum
1928 2145 2030 2210 facere

695 2275 771 2318 cum
790 2258 922 2319 materia
937 2269 968 2319 et
981 2276 1114 2339 corpore
1129 2257 1163 2318 in
1179 2255 1326 2319 essendo.

775 2364 921 2428 Solucr‘o.
957 2365 1080 2427 Anima
1109 2363 1305 2428 intellectiue
1334 2383 1401 2427 non
1430 2364 1634 2446 cognoscitur
1663 2363 1725 2426 nisi
1758 2382 1797 2426 ex
1824 2362 1894 2426 eius
1921 2380 2028 2445 opere,

696 2470 816 2534 scilicet
841 2476 869 2546 1,
900 2472 1085 2555 intelligere.
1118 2470 1298 2555 Intelligere
1329 2486 1437 2535 autem
1473 2483 1520 2535 est
1545 2473 1557 2512 1
1585 2470 1728 2553 quodam
1766 2470 1865 2533 modo
1899 2470 2027 2533 vnitum

637 2596 666 2640 ιε
697 2580 829 2642 materie
860 2592 891 2642 et
923 2578 1067 2661 quodam
1102 2579 1238 2642 modo⁸
1265 2592 1448 2662 separatum
1473 2583 1496 2641 1.
1525 2577 1595 2642 Nisi
1628 2578 1718 2642 enim
1746 2577 1921 2661 intelligere
1949 2591 2031 2641 esset

695 2686 824 2750 vnitum
842 2689 867 2729 ¹⁰
892 2686 1035 2768 quodam
1062 2686 1160 2750 modo
1176 2689 1201 2730 ¹¹
1223 2687 1264 2750 ad
1290 2687 1471 2762 materiam,
1488 2705 1556 2749 non
1579 2698 1661 2749 esset
1681 2705 1794 2750 verum
1819 2685 1923 2749 dicere
1941 2684 2029 2769 quod

695 2792 797 2856 homo
826 2795 894 2877 ipse
922 2793 1082 2877 intelligit.
1115 2793 1295 2877 Intelligere
1327 2796 1429 2857 eciam
1459 2793 1569 2877 aliquo
1596 2793 1695 2857 modo
1723 2806 1770 2856 est
1798 2805 1981 2876 separatum
2011 2811 2029 2853 a

696 2903 829 2965 materia
852 2921 928 2965 cum
955 2921 1021 2965 non
1046 2903 1087 2965 sit
1111 2903 1144 2965 in
1169 2921 1292 2985 organo
1315 2921 1481 2984 corporeo,
1506 2914 1542 2964 ut
1565 2901 1674 2964 uidere
1699 2903 1732 2963 in
1756 2900 1864 2977 oculo,
1892 2913 1928 2964 ut
1952 2899 2030 2963 dicit

697 3008 928 3093 Philosophus.
956 3010 1078 3073 Anima
1105 3010 1203 3093 igitur
1229 3009 1425 3073 intellectiua
1453 3009 1564 3093 aliquo
1590 3009 1690 3072 modo
1715 3021 1762 3072 est
1787 3008 1877 3071 vnita
1902 3007 2028 3090 corpori

634 3146 666 3178 20
695 3128 725 3179 et
750 3117 861 3200 aliquo
888 3117 987 3181 modo
1013 3130 1157 3200 separata
1183 3118 1225 3180 ab
1250 3136 1299 3180 eo.
1329 3117 1425 3181 Vnde
1450 3131 1481 3181 et
1506 3117 1574 3200 ipse
1604 3115 1823 3199 Philosophus
1851 3114 2029 3199 aliquando

694 3224 773 3287 dicit
792 3224 991 3288 intellectum
1009 3238 1190 3308 separatum
1207 3245 1226 3288 a
1242 3244 1375 3308 corpore
1387 3228 1412 3268 ¹¹
1426 3237 1456 3288 et
1471 3243 1539 3287 non
1554 3224 1798 3288 communicare
1813 3224 1846 3285 in
1857 3224 1881 3266 11
1897 3221 2029 3286 materia

694 3351 769 3394 cum
799 3331 1078 3415 intelligibilibus;
1108 3332 1285 3416 aliquando
1313 3345 1421 3396 autem
1438 3334 1463 3375 ¹⁴
1490 3332 1631 3395 ostendit
1659 3330 1858 3396 intellectum
1875 3332 1900 3373 ¹¹
1920 3343 2028 3393 actum

695 3441 838 3522 corporis
861 3453 892 3503 et
914 3441 1127 3503 coniunctum
1155 3440 1388 3524 magnitudini,
1416 3459 1593 3523 perquem
1620 3451 1728 3502 autem
1754 3438 1890 3502 modum
1917 3438 2030 3501 anima

696 3546 892 3611 intellectiua
911 3548 953 3611 sit
972 3548 1062 3612 vnita
1080 3549 1219 3631 corpori,
1239 3560 1270 3610 et
1289 3560 1433 3631 separata
1452 3546 1638 3611 abeodem.

634 3672 665 3716 25
776 3655 897 3719 Dicunt
932 3656 1075 3738 precipui
1106 3657 1166 3719 viri
1201 3657 1235 3718 in
1270 3654 1477 3738 philosophia
1505 3654 1663 3718 Albertus
1697 3666 1729 3718 et
1766 3653 1907 3717 Thomas
1941 3652 2029 3738 quod

695 3761 880 3825 substancia
907 3764 1018 3827 anime
1042 3762 1236 3826 intellectiue
1260 3764 1351 3825 vnita
1377 3775 1424 3825 est
1448 3763 1574 3845 corpori
1592 3765 1616 3804 ¹⁶
1639 3761 1722 3824 dans
1747 3781 1816 3826 esse
1840 3761 1958 3837 eidem,
1975 3760 2029 3825 sed

696 3870 844 3952 potencia
870 3870 981 3933 anime
1007 3870 1201 3933 intellectiue
1230 3883 1374 3953 separata
1399 3882 1446 3934 est
1471 3890 1490 3933 a
1513 3850 1660 3953 corpore,
1686 3889 1762 3933 cum
1790 3888 1845 3953 per
1869 3888 2029 3952 organum

695 3996 886 4060 corporeum
903 3979 928 4020 ¹⁷
944 3996 1010 4040 non
1027 3991 1186 4060 operetur.

776 4084 876 4148 Racio
890 4099 998 4148 autem
1014 4083 1146 4148 ailberti
1161 4088 1196 4159 11,
1213 4084 1300 4167 quod
1317 4083 1503 4149 substancia
1517 4086 1627 4149 anime
1642 4084 1837 4148 intellectiue
1851 4084 1945 4149 debet
1963 4103 2031 4148 esse

635 4210 667 4254 ιο
696 4193 786 4256 vnita
804 4193 930 4275 corpori
950 4192 1033 4255 dans
1052 4212 1120 4256 esse
1139 4193 1244 4256 eidem
1259 4196 1284 4236 11
1302 4206 1349 4256 est
1368 4193 1453 4256 ista:
1472 4192 1558 4273 Quia
1576 4212 1652 4256 cum
1673 4195 1706 4254 in
1728 4190 1863 4256 homine
1882 4192 2030 4275 potencia

696 4299 865 4382 uegetandi
890 4313 921 4363 et
944 4299 1108 4364 senciendi
1134 4302 1314 4383 pertineant
1339 4299 1380 4363 ad
1406 4300 1553 4363 eamdem
1579 4300 1719 4364 formam
1746 4301 1780 4362 in
1804 4299 2031 4363 substancia²¹

696 4407 850 4490 adquam
868 4408 1016 4490 potencia
1036 4407 1257 4490 intelligendi;
1272 4421 1396 4472 certum
1412 4421 1459 4472 est
1473 4422 1580 4472 autem
1597 4408 1817 4470 substanciam
1833 4406 1873 4470 ad
1889 4425 1989 4491 quam
2005 4408 2032 4449 11

698 4516 834 4597 pertinet
859 4517 1008 4599 potencia
1036 4516 1205 4599 uegetandi
1231 4529 1262 4579 et
1288 4515 1451 4579 senciendi
1478 4515 1554 4579 dare
1578 4534 1647 4579 esse
1673 4516 1805 4580 materie
1828 4528 1859 4578 et
1881 4515 2029 4598 corpori;

778 4814 787 4845 1
803 4815 823 4868 Ρ
838 4837 874 4861 =
889 4815 999 4869 lateres.
1014 4843 1048 4853 —
1068 4812 1079 4845 1
1094 4813 1162 4866 V:
1174 4828 1276 4869 eorum
1292 4813 1482 4885 composicio.
1495 4846 1529 4853 -—
1549 4813 1639 4865 ⁸V=
1653 4828 1716 4867 esse
1732 4810 1844 4884 aliquid
1859 4810 2029 4882 figuratum.

696 4901 845 4972 —-⁴V-l-
861 4902 1076 4958 substancialis.
1092 4934 1125 4942 -
1143 4901 1317 4974 ¹P=que
1333 4902 1531 4958 -⁸P:err.
1547 4935 1581 4943 -
1599 4902 1692 4958 'P-
1710 4918 1782 4956 r.—
1799 4901 2030 4972 ⁸—P—4.—

696 4991 791 5046 1Ρ--
803 5003 961 5064 separatur.
975 5023 1010 5032 -
1026 4992 1049 5024 ¹⁰
1061 4991 1084 5045 V
1097 4992 1132 5064 -Ι-
1145 4991 1181 5047 ad
1197 4992 1359 5049 materiam.
1374 5023 1407 5031 -
1427 4992 1449 5025 ¹¹
1464 4993 1487 5045 V
1504 5015 1540 5041 =
1557 4990 1760 5064 aliquomodo.
1775 5020 1810 5033 -
1826 4990 1846 5024 ¹¹
1865 4992 1886 5046 P
1903 5021 1937 5031 -
1954 5006 1980 5046 a.
1995 5021 2030 5030 -

697 5079 928 5137 ¹⁸V---cum-
942 5079 964 5114 ¹⁴
977 5083 1041 5138 P-
1058 5098 1125 5137 r.-
1136 5079 1408 5138 ¹¹P=diciteum
1421 5112 1455 5122 —
1466 5079 1489 5113 11
1500 5083 1565 5137 Ρ-
1578 5098 1619 5155 ¹9·
1631 5112 1665 5123 —
1678 5080 1777 5136 ¹¹V-
1792 5078 2027 5152 1.—¹⁸V†est.

696 5168 1499 5243 -11ν-7εεειάειεεεε.-11Ρ-2.-11[1-8.
