4872 6552
1246 891 1472 945 ὦιιιόώ

693 1057 779 1143 bilis,
802 1068 883 1130 nulli
907 1068 1031 1132 habens
1052 1069 1176 1152 aliquid
1197 1088 1387 1145 commune,
1404 1083 1569 1153 separatus
1588 1090 1607 1133 a
1626 1088 1770 1152 corpore,
1788 1071 1935 1153 potencia
1957 1061 2026 1132 sine

693 1177 838 1249 materia,
859 1189 895 1238 ut
913 1176 991 1238 dicit
1010 1176 1230 1259 Philosophus
1241 1198 1250 1254 ;
1275 1196 1341 1240 non
1365 1177 1494 1240 uidetur
1513 1177 1598 1241 idem
1621 1176 1842 1260 Philosophus
1862 1180 1872 1219 ¹
1899 1178 2025 1260 opinari

693 1284 801 1364 ipsum
822 1302 890 1345 esse
913 1303 1016 1345 unum
1038 1285 1143 1366 specie
1161 1289 1174 1327 ²
1193 1299 1223 1348 et
1244 1303 1381 1346 numero
1398 1284 1502 1366 plura,
1523 1284 1577 1348 sed
1598 1304 1704 1347 unum
1726 1304 1865 1347 numero
1884 1298 2024 1346 tantum.

774 1391 896 1473 Quinto
924 1391 980 1452 sic.
1006 1391 1194 1453 Secundum
1221 1393 1439 1455 intencionem
1462 1396 1475 1434 ⁸
1502 1392 1704 1474 Philosophi,
1730 1392 1882 1455 homines
1906 1391 2026 1454 infiniti

650 1514 663 1557 5
693 1499 756 1560 iam
774 1497 916 1562 fuerunt.
931 1497 1029 1578 Quod
1042 1499 1068 1560 si
1082 1500 1191 1561 anime
1207 1499 1401 1562 intellectiue
1418 1499 1736 1582 multiplicarenturl
1753 1499 2027 1582 multiplicacione

692 1625 864 1688 corporum
882 1606 1104 1668 humanorum
1127 1606 1257 1669 haberet
1272 1606 1493 1689 Philosophus
1512 1608 1638 1689 opinari
1659 1626 1726 1670 esse
1741 1608 1868 1669 animas
1890 1625 2027 1668 numero

694 1711 850 1787 infinitas,
874 1713 961 1794 quod
985 1732 1051 1775 non
1075 1713 1214 1776 uidetur.
1240 1713 1278 1775 Et
1300 1714 1406 1794 gracia
1428 1713 1659 1796 predictorum,
1681 1713 1956 1777 considerandum
1980 1718 2032 1775 est'

693 1819 788 1902 quale
808 1821 848 1883 sit
869 1819 948 1881 illud
971 1820 1058 1902 quod
1081 1833 1183 1903 potest
1205 1820 1412 1903 multiplicari
1432 1834 1463 1884 et
1483 1821 1637 1904 predicari
1657 1821 1697 1884 de
1717 1821 1867 1903 pluribus
1889 1838 2027 1883 numero

693 1926 918 1990 differentibus
951 1928 1096 1989 eiusdem
1131 1929 1270 2010 speciei3
1304 1943 1335 1991 et
1367 1930 1467 1990 eciam
1501 1927 1776 1991 considerandum
1810 1942 1858 1990 est
1890 1927 2027 2010 qualiter

635 2064 664 2095 ιο
693 2033 844 2097 differant
865 2048 896 2097 et
917 2035 1037 2117 quibus
1059 2033 1255 2097 differenciis
1278 2034 1370 2117 plura
1393 2055 1456 2118 que
1477 2049 1554 2098 sunt
1575 2035 1719 2098 eiusdem
1745 2035 1871 2118 speciei.

775 2141 821 2203 De
844 2141 962 2223 primo,
986 2142 1154 2205 sciendum
1177 2141 1265 2225 quod
1289 2142 1389 2205 nichil
1413 2141 1657 2206 indiuiduatum
1680 2162 1711 2205 er
1732 2142 1896 2225 singulare
1918 2141 2028 2204 multi-

694 2248 802 2330 plicari
820 2261 922 2331 potest
938 2249 970 2310 in
988 2249 1092 2330 plura,
1107 2249 1156 2311 vel
1173 2249 1212 2312 de
1225 2248 1373 2331 pluribus
1389 2269 1526 2312 numero
1538 2250 1684 2313 eiusdem
1698 2250 1711 2292 ⁶
1725 2250 1840 2331 speciei
1857 2247 2025 2330 predicari.

693 2354 791 2417 Tunc
812 2356 900 2418 enim
925 2376 991 2419 non
1012 2355 1179 2418 differrent
1200 2355 1362 2438 singulare
1384 2369 1414 2419 et
1433 2356 1629 2432 uniuersale,
1649 2371 1773 2418 etcum
1796 2355 1902 2418 forma
1926 2374 2027 2437 perse

693 2462 872 2526 subsistens
893 2463 933 2526 de
955 2484 1013 2526 sua
1035 2477 1151 2526 natura
1172 2465 1213 2526 sit
1235 2482 1373 2526 numero
1388 2483 1452 2525 vna
1474 2463 1675 2545 singularis⁶
1694 2475 1826 2546 apparet
1847 2462 1936 2545 quod
1959 2480 2026 2524 non

635 2588 663 2631 ι5
694 2583 797 2651 potest
821 2570 1028 2652 multiplicari
1052 2572 1085 2632 in
1109 2570 1201 2653 plura
1227 2589 1364 2633 numero
1386 2570 1531 2633 eiusdem
1554 2572 1682 2653 speciei,
1707 2590 1765 2632 nec
1785 2573 1796 2612 ⁷
1818 2570 1858 2632 de
1880 2568 2028 2652 pluribus

693 2677 812 2740 talibus
838 2678 1003 2760 predicari.
1028 2677 1257 2759 Compositum
1282 2679 1383 2741 eciam
1405 2698 1443 2741 ex
1466 2677 1571 2741 forma
1592 2692 1622 2741 et
1645 2679 1778 2742 materia
1799 2678 2023 2749 determinata,

693 2797 729 2847 ut
744 2784 796 2847 hic
811 2787 965 2848 existente
987 2784 1037 2847 uel
1059 2785 1116 2860 ibi,
1133 2785 1295 2867 singulare
1310 2799 1356 2848 est
1376 2786 1458 2848 sicut
1478 2785 1558 2848 illud
1574 2785 1661 2869 quod
1683 2787 1873 2848 nominatur
1894 2784 2028 2846 nomine

693 2892 833 2955 Socratis
856 2914 863 2969 ;
891 2908 921 2955 et
950 2892 1021 2955 ideo
1051 2912 1110 2954 nec
1138 2893 1284 2955 Socrates
1314 2892 1521 2975 multiplicari
1551 2906 1654 2975 potest
1683 2894 1715 2954 in
1747 2893 1839 2975 plura
1867 2905 1923 2954 aut
1950 2896 1963 2932 ⁸
1989 2889 2028 2952 de

694 2999 842 3082 pluribus
858 2999 1011 3082 predicari
1028 3000 1139 3062 eadem
1157 3001 1285 3062 racione
1296 3020 1304 3076 ;
1329 3019 1387 3062 nec
1402 3000 1513 3063 eadem
1536 2999 1641 3062 forma
1661 2999 1836 3063 materialis
1855 3003 1867 3040 ⁹
1886 3010 2026 3080 accepta,

631 3136 663 3169 20
692 3108 777 3169 utin
795 3108 926 3170 materia
941 3107 1154 3170 determinata
1175 3106 1433 3189 multiplicabilis
1447 3122 1505 3181 est,
1522 3106 1628 3169 uelde
1644 3106 1793 3189 pluribus
1809 3105 2024 3189 predicabilis.

694 3213 733 3276 Et
755 3214 980 3276 uniuersaliter
1000 3233 1075 3276 cum
1098 3233 1198 3277 omne
1219 3214 1307 3296 quod
1328 3216 1352 3255 ¹⁰
1374 3215 1480 3277 existit
1500 3216 1525 3256 1¹
1546 3213 1750 3296 singulariter
1769 3215 1876 3276 existit
1896 3216 1932 3289 1²,
1955 3212 2028 3276 licet

692 3321 832 3403 quedam
859 3322 899 3384 sit
924 3321 1151 3384 uniuersaliter
1173 3321 1308 3403 intelligi
1332 3340 1369 3383 ac
1392 3320 1468 3396 dici,
1492 3321 1621 3383 nullum
1645 3340 1703 3383 ens
1727 3320 1966 3384 consideratum
1992 3334 2028 3384 ut

692 3428 810 3502 existit,
834 3427 1080 3511 multiplicabile
1104 3441 1151 3491 est
1174 3429 1206 3489 in
1233 3427 1325 3510 plura
1350 3447 1406 3490 sue
1430 3429 1545 3510 speciei
1571 3427 1620 3490 uel
1645 3428 1685 3490 de
1710 3428 1859 3510 pluribus
1883 3426 2025 3490 dicibile.

693 3533 769 3597 Sola
789 3537 885 3617 igitur
905 3535 1009 3597 forma
1031 3536 1205 3598 materialis
1226 3538 1250 3578 1⁸
1269 3536 1425 3598 abstracte
1443 3534 1656 3610 considerata,
1678 3533 1729 3597 uel
1749 3535 1968 3617 compositum
1990 3554 2027 3596 ex

631 3660 662 3703 25
693 3641 798 3704 forma
821 3655 851 3706 et
876 3643 1008 3705 materia
1032 3642 1293 3717 indeterminata,
1317 3642 1412 3725 quale
1437 3646 1462 3684 1⁴
1485 3641 1686 3724 significatur
1710 3642 1844 3705 nomine
1868 3642 2028 3724 composi-

692 3762 799 3811 torum
821 3748 1058 3812 uniuersalium
1077 3751 1111 3821 ¹⁵,
1128 3762 1164 3812 ut
1180 3750 1315 3812 nomine
1335 3749 1491 3823 hominis
1509 3750 1643 3811 nomine
1662 3749 1750 3831 equi,
1767 3747 2028 3831 multiplicabilia

692 3858 816 3918 suntin
835 3855 927 3938 plura
943 3875 1000 3919 sue
1015 3858 1129 3938 speciei
1146 3856 1232 3918 etde
1248 3855 1396 3938 pluribus
1411 3856 1565 3919 dicibilia.

738 4020 741 4027 .
774 3962 819 4024 De
833 3963 976 4026 secundo
988 3963 1164 4026 dicendum
1179 3963 1231 4025 uel
1245 3966 1271 4005 1⁶
1282 3963 1464 4038 sciendum,
1475 3963 1562 4046 quod
1580 3962 1752 4026 indiuidua
1764 3963 1830 4025 duo
1845 3966 1868 4005 1⁷
1882 3962 2025 4025 eiusdem

694 4071 808 4151 speciei
830 4089 897 4132 non
917 4068 1074 4132 differunt
1097 4069 1277 4131 secundum
1301 4068 1453 4132 formam.
1477 4069 1594 4132 Forma
1614 4071 1702 4131 enim
1726 4070 1759 4131 in
1779 4070 1825 4131 eis
1845 4069 2026 4132 secundum

631 4195 664 4238 30
693 4196 785 4238 suam
811 4179 836 4219 1⁸
862 4177 1082 4239 substanciam
1111 4197 1178 4239 non
1205 4176 1374 4238 diuiditur.
1401 4176 1535 4238 Materia
1560 4188 1668 4239 autem
1697 4177 1795 4238 huius
1819 4175 1983 4239 indiuidui
2009 4195 2028 4237 a

694 4283 825 4347 materia
847 4284 979 4346 alterius
1002 4283 1164 4345 indiuidui
1190 4303 1297 4367 perse
1320 4303 1387 4346 non
1409 4283 1587 4360 diuiditur;
1610 4283 1663 4345 sed
1686 4282 1794 4346 differt
1815 4302 1920 4345 unum
1945 4283 2028 4345 indi-

694 4392 832 4454 uiduum
861 4392 902 4454 ab
930 4390 996 4453 alio
1024 4411 1081 4453 sue
1109 4391 1237 4473 speciei,
1268 4410 1322 4473 per
1350 4391 1411 4453 hoc
1439 4390 1527 4473 quod
1555 4410 1659 4452 vnum
1691 4390 1901 4452 indiuiduam
1931 4390 2027 4453 habet

693 4497 833 4560 formam
862 4500 895 4560 in
923 4499 1056 4561 materia
1082 4498 1144 4561 sub
1170 4497 1391 4561 determinatis
1417 4497 1691 4573 dimensionibus
1716 4517 1772 4560 seu
1799 4497 2028 4580 supposicione

774 4794 783 4825 ¹
798 4795 845 4848 Ρ--
877 4795 1072 4866 philosophus
1087 4793 1201 4849 videtur
1215 4793 1302 4848 idem.
1315 4825 1348 4832 -
1362 4792 1373 4825 ’
1386 4794 1451 4845 V:
1461 4794 1554 4865 specie
1568 4809 1671 4849 vnum.
1684 4826 1717 4832 -
1730 4792 1741 4824 ⁸
1752 4793 1814 4860 t>÷
1824 4808 2024 4848 communem.

694 4915 725 4921 -
744 4884 756 4915 ⁴
775 4884 797 4935 V
867 4884 1111 4955 multiplicantur.
1133 4916 1166 4923 -
1186 4884 1197 4915 ⁶
1217 4884 1282 4936 V:
1299 4883 1430 4940 eiusdem
1451 4899 1584 4939 numero.
1609 4914 1638 4922 —
1658 4883 1705 4938 Ῥ
1724 4909 1761 4930 =
1778 4883 1972 4952 singulariter.
1993 4914 2027 4921 -

694 4971 788 5024 ⁷V=
810 4989 905 5043 neque
927 5005 960 5011 -
983 4973 994 5005 ⁸
1012 4974 1035 5026 V
1052 4999 1089 5017 =
1107 4974 1162 5028 uel.
1184 5003 1219 5011 -
1240 4972 1252 5004 ⁹
1278 4974 1343 5027 P:
1362 4973 1555 5027 materialiter.
1576 5004 1609 5012 -
1634 4971 1654 5003 ¹⁰
1667 4973 1688 5026 P
1702 4998 1738 5017 ==
1754 4987 1836 5027 cum.
1857 5003 1890 5010 —
1912 4971 1930 5003 ¹¹
1951 4972 1971 5025 P
1993 4970 2028 5040 -l-
2118 5008 2125 5023 .

693 5062 846 5131 singulare.
866 5094 897 5101 -
914 5062 933 5094 ¹³
950 5064 1015 5116 P:
1027 5062 1139 5118 existat.
1153 5091 1186 5102 -
1201 5060 1301 5116 ¹⁸P=
1314 5061 1463 5117 naturalis.
1480 5092 1513 5100 —
1528 5062 1548 5093 ¹⁴
1563 5061 1634 5113 V:
1646 5061 1752 5131 qualis.
1769 5091 1804 5100 -
1817 5060 1841 5092 ¹⁶
1856 5060 1926 5113 V=
1941 5073 2025 5115 natu·

693 5150 808 5205 talium.
824 5182 856 5189 ψ
875 5151 1058 5205 '‘V—a.—
1075 5151 1096 5184 ¹⁷
1112 5152 1180 5205 P-
1198 5167 1220 5204 r.
1237 5183 1265 5189 -
1286 5151 1427 5205 18Ρ-ι.
