4882 6546
699 895 817 939 LXXXIV

699 1066 749 1132 les
772 1065 854 1153 plus
872 1064 1027 1131 diverses
1052 1063 1208 1131 relevant
1226 1065 1274 1130 du
1294 1063 1462 1131 domaine
1481 1062 1594 1130 entier
1612 1063 1655 1129 de
1680 1062 1713 1129 la
1737 1062 1974 1150 philosophie,
1999 1077 2033 1130 et

700 1181 798 1269 Siger
829 1180 1014 1247 lui-meme
1044 1200 1134 1246 nous
1162 1201 1204 1246 en
1234 1180 1353 1246 donne
1380 1180 1442 1246 des
1469 1179 1647 1266 exemples
1675 1180 1764 1245 dans
1792 1199 1881 1245 ceux
1908 1179 1950 1245 de
1978 1199 2032 1245 ses

699 1297 803 1365 ecrits
822 1297 931 1384 qu'on
953 1296 1028 1362 doit
1048 1296 1223 1362 rattacher
1242 1296 1262 1361 a
1283 1295 1314 1362 la
1335 1295 1488 1383 logique.

790 1413 855 1479 Les
881 1412 1112 1500 Quaestiones
1139 1412 1338 1501 logicales1
1365 1412 1494 1478 etaient
1513 1410 1796 1499 primitivement
1822 1433 1871 1477 un
1898 1431 2033 1498 groupe

699 1530 742 1595 de
766 1528 853 1595 trois
876 1528 1060 1615 questions
1084 1549 1119 1594 se
1144 1528 1343 1595 rattachant
1365 1550 1410 1594 au
1435 1528 1617 1615 probleme
1638 1528 1681 1593 de
1702 1526 1917 1606 l'universel,
1943 1527 2033 1593 mais

699 1644 902 1732 envisagees
928 1664 1012 1711 sous
1036 1666 1085 1710 un
1108 1658 1227 1732 aspect
1252 1643 1407 1732 logique.
1436 1643 1550 1724 Seule‚
1574 1642 1606 1710 la
1628 1643 1802 1731 premiere
1829 1663 1920 1710 nous
1941 1664 1960 1710 a
1981 1643 2033 1710 ete

789 2029 798 2061 ¹
819 2028 858 2082 Le
873 2043 928 2082 ms.
944 2027 995 2099 qui
1015 2028 1054 2082 les
1068 2026 1208 2091 contient,
1224 2024 1402 2082 renfermant
1413 2025 1490 2081 deux
1504 2037 1601 2082 autres
1615 2026 1700 2082 ecrits
1716 2025 1751 2080 de
1765 2025 1846 2093 Siger
1858 2025 1894 2080 de
1909 2026 2034 2082 Brabant

699 2129 726 2173 et
739 2117 865 2173 d'autres
880 2117 974 2189 pieces
986 2132 1066 2172 assez
1080 2115 1294 2182 interessentes,
1310 2130 1387 2170 nous
1401 2131 1436 2170 en
1452 2114 1644 2187 indiquerons
1659 2126 1726 2171 tout
1739 2116 1763 2169 le
1777 2127 1915 2170 contenu.

790 2206 878 2272 Paris,
896 2205 968 2260 Bibl.
987 2206 1052 2261 Nat.
1069 2205 1165 2272 latina,
1184 2204 1267 2261 16133
1284 2204 1396 2276 (ancien
1415 2203 1570 2260 Sorbonne
1582 2204 1656 2276 963).
1677 2204 1758 2259 Velin
1777 2204 1812 2259 de
1828 2204 1864 2258 86
1881 2204 2036 2260 leuilletsa

700 2296 776 2351 deux
790 2297 940 2362 colonnes‚
957 2295 1047 2349 xlv··
1062 2294 1155 2361 siecle,
1171 2294 1248 2350 deux
1266 2294 1413 2359 teritures,
1431 2294 1457 2348 la
1475 2293 1615 2366 premiere
1629 2293 1766 2366 jusqu’au
1784 2293 1853 2348 lolio
1868 2293 1898 2348 61
1917 2293 2034 2350 inclusi·

700 2398 825 2451 vernent,
848 2385 875 2439 la
894 2384 1020 2439 seconde
1039 2384 1157 2456 jusqu'a
1177 2385 1203 2438 la
1223 2384 1273 2439 lin.
1297 2384 1335 2438 Le
1355 2399 1438 2438 verso
1458 2383 1498 2439 du
1520 2383 1643 2455 premier
1662 2382 1770 2439 feuillet
1790 2382 1860 2438 libre
1881 2394 1963 2456 porte
1978 2399 2035 2439 une

700 2474 773 2541 liste‚
797 2473 883 2529 ecrite
905 2474 1174 2546 posterieurement,
1197 2483 1357 2529 contenent
1380 2471 1558 2528 l'indication
1581 2472 1617 2527 de
1639 2488 1712 2527 onze
1734 2473 1827 2545 pleces
1850 2472 1889 2528 du
1915 2488 1970 2528 ms.
1995 2473 2034 2528 La

700 2563 764 2619 liste
784 2565 864 2619 etant
884 2563 1061 2634 incompleta
1083 2563 1147 2631 (elle
1167 2562 1320 2633 n'indique
1340 2578 1391 2633 pas
1411 2562 1435 2616 le
1453 2561 1498 2615 De
1518 2560 1619 2616 anima
1639 2561 1821 2616 intellectiva
1842 2561 1878 2616 de
1897 2561 1987 2633 Siger)
2008 2574 2036 2618 et

699 2653 949 2709 insuffisamment
963 2651 1081 2724 precise,
1098 2667 1174 2708 nous
1188 2652 1215 2706 la
1229 2651 1445 2706 reconstituons
1458 2650 1570 2723 d'aprEs
1585 2652 1624 2707 les
1638 2650 1767 2706 donnees
1783 2650 1909 2706 internes
1922 2651 1963 2707 du
1978 2667 2033 2707 ms.

790 2742 811 2796 l.
833 2741 852 2796 f.
870 2758 896 2796 2.
920 2741 994 2797 Sans
1014 2741 1088 2797 titre.
1109 2740 1221 2812 Incipit
1239 2756 1248 2795 .·
1266 2741 1413 2810 Queratur
1431 2752 1528 2796 vtrum
1549 2740 1642 2795 torma
1662 2739 1849 2811 intelligibilis
1868 2739 1982 2796 differat
1999 2741 2035 2795 ab

700 2843 766 2886 actu
784 2829 973 2901 intelligendi,
988 2841 1016 2886 et
1029 2829 1161 2901 arguitur
1174 2829 1254 2901 quod
1269 2829 1320 2884 sic.

789 2919 808 2974 i.
825 2920 849 2974 5.
870 2918 1031 2991 Explicit:
1046 2918 1082 2973 ad
1098 2918 1227 2974 raciones
1241 2931 1358 2991 apparet
1372 2918 1444 2990 quid
1460 2918 1496 2973 sit
1509 2917 1682 2987 dicendum,
1696 2934 1764 2973 narn
1780 2930 1897 2990 apparet
1913 2918 2037 2990 qualiter

701 3009 864 3064 intellectus
883 3020 1038 3064 moueatur
1055 3025 1071 3063 a
1090 3008 1263 3064 fantasmata
1281 3008 1388 3063 virtute
1406 3007 1569 3063 intellectus
1589 3006 1710 3077 agentis.
1731 3007 1855 3079 Explicit
1870 3008 1986 3080 questio
2000 3007 2036 3062 de

701 3098 795 3170 specie
814 3097 985 3168 intelligibili
1005 3110 1104 3154 utrum
1126 3097 1238 3154 differat
1255 3098 1291 3152 ab
1309 3109 1376 3154 actu
1397 3097 1575 3168 intelligendi
1594 3096 1785 3152 determinata
1803 3113 1819 3151 a
1830 3097 1982 3167 ferrando
2000 3097 2036 3151 de

697 3186 838 3260 yspania.

792 3276 828 3330 ll.
850 3276 870 3330 s.
895 3277 921 3330 ὁ.
953 3276 1057 3348 lncipit
1085 3276 1208 3349 epistola
1236 3276 1416 3332 translatoris
1445 3276 1517 3332 sexti
1547 3275 1725 3331 naturalium
1754 3275 1901 3331 auicenne
1929 3275 2037 3332 scilicet

701 3364 864 3420 auendoclt.
889 3365 1140 3421 Reverendissimo
1159 3366 1294 3421 tollerane
1313 3365 1389 3420 sedis
1405 3365 1624 3438 archiepiscopo
1642 3378 1670 3421 et
1690 3365 1899 3437 hyspaniarum
1920 3365 2036 3438 primati

699 3453 843 3519 Jalronni,
861 3454 1025 3520 nuendoclt,
1041 3454 1166 3510 israelita
1179 3454 1386 3526 philosophus,
1401 3467 1516 3525 gratum
1534 3454 1667 3510 debitum
1683 3454 1833 3510 seruitutis
1846 3455 2034 3526 obsequium.

701 3544 777 3599 Cum
798 3560 902 3599 omnes
923 3544 1058 3600 homines
1079 3556 1215 3600 constent
1232 3560 1266 3598 ex
1285 3544 1383 3599 anima
1400 3555 1428 3599 et
1445 3560 1598 3616 corpore...
1623 3544 1728 3615 lncipit
1745 3543 1817 3598 liber
1836 3543 1982 3599 auicenne
2002 3544 2037 3600 de

700 3632 799 3687 anima
821 3633 872 3704 qui
892 3633 1000 3689 dicitur
1020 3644 1119 3689 sextus
1141 3634 1318 3690 naturalium
1339 3634 1384 3688 uel
1405 3633 1475 3688 liber
1495 3633 1531 3688 de
1550 3633 1773 3689 collectionibus
1794 3633 1983 3700 naturalium,
2006 3634 2036 3689 in

701 3723 830 3794 capitulo
849 3723 945 3794 primo
963 3724 1049 3779 datur
1066 3723 1140 3778 ordo
1160 3723 1348 3779 naturalium.
1374 3722 1432 3777 lam
1452 3723 1636 3795 expleuimus
1656 3723 1684 3777 in
1704 3723 1800 3795 primo
1819 3724 1892 3779 libro
1911 3724 2035 3779 uerbum

701 3811 737 3866 de
752 3812 880 3884 hiisque
896 3825 965 3868 sunt
979 3812 1152 3868 communia
1167 3812 1359 3868 naturalibus.

791 3900 810 3955 f.
826 3902 869 3956 31.
893 3902 1017 3974 Explicit
1032 3902 1103 3957 liber
1116 3901 1263 3957 auicenne
1275 3901 1311 3956 de
1323 3901 1422 3956 anirna
1434 3902 1485 3972 qui
1501 3901 1670 3957 inscribitur
1683 3913 1782 3957 sextus
1799 3903 1986 3959 naturalium.
2004 3935 2036 3943 —

701 3991 773 4062 Voy.
788 3990 939 4058 lourdain‚
956 3990 1143 4046 Recharclres
1157 3990 1310 4063 critiqaes,
1328 4007 1355 4062 p.
1376 4008 1433 4057 ιιι,
1455 3992 1512 4058 113,
1528 4008 1589 4063 449.

793 4080 842 4134 lll.
866 4079 884 4134 l.
901 4081 945 4147 31,
960 4082 1015 4137 col.
1032 4081 1059 4135 b.
1079 4081 1184 4152 lncipit
1197 4092 1400 4136 commentum
1418 4080 1563 4135 themistii
1578 4097 1666 4153 super
1681 4081 1754 4136 libro
1768 4080 1804 4136 de
1818 4081 1925 4137 anima.
1944 4082 2037 4152 Bono-

703 4185 767 4225 rum
783 4169 1012 4237 honorabilium,
1024 4182 1077 4226 etc.
1094 4172 1135 4225 De
1147 4171 1246 4226 anima
1259 4186 1437 4242 quecunque
1449 4182 1491 4226 est
1505 4171 1642 4242 possibile
1655 4170 1780 4226 sciencia
1792 4172 2037 4244 comprehendere

701 4270 890 4330 assequentes
902 4260 1078 4315 aristotelem
1094 4260 1300 4332 temptandum
1317 4261 1402 4316 nobis
1416 4261 1446 4315 in
1463 4262 1519 4315 hoc
1532 4271 1655 4316 tractatu
1669 4276 1821 4332 exponere.

792 4348 811 4403 f.
828 4349 881 4415 52'‚
896 4349 951 4404 col.
967 4365 993 4403 a.
1014 4349 1152 4422 Explicit
1167 4367 1175 4405 :
1190 4350 1226 4405 ad
1240 4362 1360 4420 gustum
1377 4362 1404 4406 et
1419 4349 1454 4404 ad
1471 4349 1632 4420 significare
1645 4350 1756 4421 aliquid
1772 4351 1863 4407 alteri.

794 4439 840 4492 lV.
863 4439 882 4492 i.
907 4439 961 4508 52¹,
981 4441 1037 4494 col.
1059 4456 1084 4494 a.
1109 4439 1258 4511 lncipiunt
1282 4440 1421 4495 notabilia
1445 4456 1533 4511 super
1555 4439 1642 4495 tercio
1665 4438 1700 4494 de
1723 4440 1829 4507 anima,
1856 4441 1999 4496 abstracta
2020 4458 2037 4495 a

702 4540 873 4584 commento
888 4527 1014 4600 joannis
1030 4529 1226 4601 grammatici
1244 4528 1437 4602 [Philoponi].
1461 4528 1531 4603 [D]e
1546 4540 1626 4601 parte
1640 4540 1738 4585 autern
1754 4530 1851 4584 anime
1866 4546 1925 4601 qua
1939 4530 2038 4584 anima

703 4617 888 4689 cognoscit...

793 4708 812 4761 f.
830 4709 882 4773 53',
898 4709 953 4762 col.
968 4724 994 4762 a.
1013 4707 1173 4779 Explicit:
1189 4708 1231 4762 sic
1248 4708 1338 4763 eciam
1358 4708 1423 4763 licet
1443 4724 1485 4764 res
1505 4708 1542 4764 sit
1559 4708 1670 4780 aliquid
1689 4708 1718 4763 in
1735 4724 1830 4764 rerum
1850 4720 1953 4764 natura
1971 4721 2038 4780 post

705 4796 845 4868 principia
861 4796 1092 4863 indiuiduancia,
1110 4797 1172 4869 ipsa
1187 4810 1283 4852 tamen
1299 4810 1415 4854 nonest
1431 4797 1492 4852 sine
1508 4797 1573 4853 illis.

792 4886 825 4940 V.
848 4886 867 4940 f.
885 4887 937 4953 533
955 4888 1009 4942 col.
1025 4903 1051 4941 a.
1075 4886 1224 4959 lncipiunt
1241 4887 1410 4959 questiones
1431 4889 1575 4943 naturales
1595 4885 1727 4942 ordinate
1742 4903 1758 4941 a
1774 4887 1912 4957 magistro
1926 4904 2037 4960 sygero

703 4975 739 5031 de
755 4975 927 5031 brabancia.
945 4976 1088 5032 Dubitant
1101 4977 1236 5032 nonnulli
1253 4988 1353 5032 utrum
1370 4976 1464 5031 forma
1477 4976 1580 5048 speciei
1597 4976 1634 5032 sit
1648 4976 1822 5048 composita.

793 5065 812 5119 f.
830 5067 883 5135 54',
900 5065 954 5120 col.
973 5082 998 5120 2.
1016 5065 1176 5137 Explicit:
1193 5065 1242 5121 sed
1259 5067 1355 5121 solum
1374 5077 1474 5123 mouet
1489 5082 1518 5121 se
1534 5082 1583 5140 per
1595 5065 1730 5122 accidens
1746 5066 1927 5122 remouendo
1942 5065 2038 5138 prohi-

706 5156 786 5210 bens.
802 5187 835 5199 -
850 5156 921 5232 Voy.
936 5155 1133 5230 Appendices,
1151 5172 1179 5230 p.
1195 5155 1286 5229 57-67.
1724 5162 1728 5168 '
