4872 6552
969 892 1173 987 ..93-

405 1099 464 1162 est,
493 1086 580 1170 quod
610 1089 622 1129 1
653 1087 764 1149 anima
794 1099 841 1149 est
869 1104 936 1168 quo
967 1084 1110 1168 primum
1142 1084 1243 1148 homo
1270 1089 1283 1128 ²
1314 1085 1473 1169 intelligit.
1507 1084 1590 1168 Ergo
1624 1084 1737 1149 anima

406 1193 601 1257 intellectiua
622 1206 669 1256 est
689 1206 779 1256 actus
799 1193 953 1276 corporis.

487 1301 639 1366 Preterea.
664 1298 781 1364 Tercio
804 1300 844 1363 de
866 1301 1002 1376 Anima,
1019 1300 1124 1383 querit
1148 1299 1368 1383 Philosophus
1388 1313 1497 1363 vtrum
1523 1299 1704 1363 intellectus
1724 1302 1737 1343 1

405 1409 599 1471 coniunctus
636 1407 853 1490 magnitudini
884 1420 914 1470 et
941 1409 1067 1490 corpori
1097 1407 1254 1490 intelligat
1288 1407 1490 1471 substancias
1525 1420 1686 1491 separatas
1719 1426 1737 1469 a

406 1516 559 1593 materia;
588 1518 622 1578 in
648 1534 714 1599 quo
742 1513 911 1580 manifeste
939 1515 1095 1598 supponit
1124 1514 1322 1579 intellectum
1351 1517 1435 1578 vniri
1463 1514 1680 1597 magnitudini
1708 1527 1739 1578 et
1768 1533 1780 1577 5

404 1626 542 1707 corpori.

483 1733 552 1796 Sed
577 1742 702 1808 contra,
719 1732 797 1796 dicit
825 1730 1057 1814 Philosophus,
1078 1731 1175 1794 tercio
1202 1731 1242 1794 de
1269 1731 1403 1808 Anima,
1426 1730 1514 1815 quod
1543 1731 1737 1794 sensitiuum

406 1860 473 1904 non
489 1841 559 1904 sine
573 1859 706 1924 corpore
719 1853 786 1917 est;
802 1838 984 1903 intellectus
998 1851 1106 1902 autem
1122 1858 1141 1901 a
1155 1858 1286 1922 corpore
1301 1853 1465 1922 separatus
1479 1851 1536 1902 est.

487 1949 640 2012 Preterea.
672 1948 856 2012 intellectus
885 1946 1191 2031 intelligendo'non
1221 1946 1318 2011 habet
1345 1966 1504 2030 organum
1533 1966 1738 2030 corporeum,

405 2058 489 2121 sicut
502 2058 592 2120 visus
611 2056 775 2132 occulum,
793 2068 827 2119 ut
847 2055 1002 2139 probatur
1016 2056 1113 2119 tercio
1127 2055 1167 2118 de
1181 2055 1314 2118 Anima.
1336 2055 1399 2118 Sed
1420 2056 1445 2118 si
1466 2056 1578 2119 anima
1599 2054 1740 2119 intellec·
1771 2084 1800 2116 ιο

405 2165 472 2229 tiua
499 2165 645 2229 uniretur
665 2165 804 2248 corpori,
820 2164 954 2227 eidem4
975 2164 1084 2227 dans⁶
1102 2182 1171 2227 esse
1188 2176 1219 2227 et
1239 2176 1274 2227 ut
1293 2162 1395 2246 ligura
1414 2182 1495 2239 cere,
1516 2164 1628 2227 anima
1648 2162 1740 2227 intel·

406 2272 548 2336 lectiua6
570 2273 737 2356 proprium
758 2291 841 2355 opus
859 2271 999 2355 expleret
1018 2291 1073 2354 per
1091 2290 1251 2354 organum
1271 2289 1484 2354 corporeum;
1500 2291 1618 2354 corpus
1636 2272 1738 2347 enim,

404 2400 463 2444 ens
479 2399 534 2463 per
548 2381 694 2443 animam
712 2379 956 2455 intellectiuam‚
973 2378 1163 2463 intelligeret
1179 2398 1233 2462 per
1249 2380 1364 2462 ipsam.

487 2489 629 2552 Preterea
656 2490 678 2550 ⁷.
710 2487 795 2551 Dicit
824 2486 1055 2571 Philosophus,
1084 2488 1182 2551 tercio
1214 2487 1254 2550 de
1282 2487 1404 2550 Anima
1437 2486 1525 2571 quod
1559 2486 1740 2551 intellectus

406 2595 617 2680 impassibilis
640 2608 688 2659 est
710 2598 734 2673 ⁸,
762 2608 792 2659 et
817 2594 905 2678 quod
937 2614 1003 2658 non
1028 2595 1251 2659 communicat
1278 2615 1354 2659 cum
1378 2593 1450 2658 aliis
1477 2596 1509 2657 in
1540 2595 1684 2670 materia,
1709 2606 1740 2657 et
1771 2611 1799 2655 ιθ

406 2705 493 2788 quod
518 2717 564 2768 est
588 2704 736 2787 potencia
760 2704 830 2767 sine
856 2704 1001 2779 materia,
1024 2723 1088 2787 que
1108 2704 1221 2766 omnia
1244 2703 1422 2767 ostendunt
1444 2703 1532 2785 quod
1560 2701 1739 2766 intellectus

406 2812 441 2874 in
463 2830 531 2874 esse
550 2832 610 2875 suo
630 2824 795 2895 separatus
814 2824 861 2874 est
879 2831 898 2874 a
918 2812 1051 2875 materia
1070 2824 1100 2875 et
1119 2830 1263 2894 corpore.

488 2920 641 2983 Preterea.
673 2919 787 2982 innuit
816 2918 1035 3002 Philosophus
1064 2920 1098 2981 in
1128 2917 1271 2982 secundo
1299 2918 1339 2981 de
1366 2919 1501 2995 Anima,
1530 2918 1619 3000 quod
1649 2917 1740 2982 intel-

406 3028 518 3103 lectus,
543 3046 618 3091 cum
644 3028 686 3091 sit
708 3026 896 3110 separabilis
919 3048 937 3090 a
961 3046 1105 3110 corpore,
1128 3026 1216 3109 quod
1242 3045 1309 3089 non
1332 3039 1379 3089 est
1397 3038 1486 3089 actus
1507 3027 1663 3109 corporis,
1685 3039 1742 3089 aut

405 3138 432 3199 si
457 3139 530 3199 est⁹
553 3149 643 3199 actus
665 3135 821 3219 corporis,
837 3135 925 3220 quod
950 3148 998 3198 est
1021 3148 1111 3198 actus
1136 3135 1206 3198 eius
1233 3147 1269 3197 ut
1290 3135 1316 3176 11
1342 3146 1441 3197 nauta
1464 3134 1571 3209 nauis,
1594 3132 1656 3196 hoc
1681 3146 1739 3209 est,
1769 3161 1802 3193 20

405 3243 493 3328 quod
513 3256 561 3307 est
579 3243 732 3327 perfectio
753 3244 907 3327 corporiS,
932 3245 967 3305 in
989 3262 1056 3306 esse
1076 3256 1186 3306 tamen
1207 3261 1267 3306 suo
1281 3262 1299 3304 a
1313 3260 1447 3325 corpore
1469 3255 1646 3325 separatus,
1669 3241 1742 3306 licet

406 3353 440 3415 in
456 3352 622 3435 operando
640 3352 755 3415 unitus
770 3354 807 3427 11,
827 3364 863 3415 ut
883 3364 983 3415 nauta
998 3352 1087 3413 naui.

487 3459 641 3523 Preterea.
667 3459 791 3522 Anima
819 3472 867 3521 est
894 3459 979 3522 racio
1008 3458 1134 3521 essendi
1165 3458 1267 3521 forme
1294 3457 1469 3521 materialis
1494 3471 1526 3521 et
1549 3459 1740 3541 composite,

407 3588 461 3631 seu
483 3566 588 3631 forme
609 3586 664 3650 per
682 3588 714 3631 se
734 3567 951 3631 subsistentis.
969 3565 1068 3629 Recio
1088 3567 1176 3629 enim
1192 3566 1318 3630 essendi
1340 3564 1443 3629 forme
1458 3567 1485 3609 11
1498 3579 1546 3629 est
1560 3566 1740 3629 secundum

406 3693 506 3756 quam
522 3687 569 3737 est
583 3673 707 3756 aliquid
722 3674 825 3749 aliud,
847 3687 882 3737 ut
901 3674 986 3736 racio
1001 3673 1249 3756 compositionis
1268 3687 1315 3737 est
1329 3673 1510 3736 secundum
1526 3692 1626 3756 quam
1645 3671 1742 3736 habet
1770 3688 1801 3732 25

406 3800 474 3844 esse
491 3781 710 3863 compositum
727 3783 764 3856 11,
775 3794 806 3844 et
820 3781 905 3844 racio
921 3780 1020 3864 ligure
1036 3779 1218 3844 secundum
1233 3799 1333 3864 quam
1350 3780 1447 3844 habet
1461 3799 1529 3843 esse
1545 3778 1740 3862 figuratum3

406 3888 493 3951 vnde
519 3888 604 3951 racio
630 3887 756 3951 essendi
785 3887 887 3951 lorme
911 3900 958 3951 est
980 3887 1069 3971 quod
1094 3888 1135 3952 sit
1157 3888 1250 3951 unita
1274 3886 1349 3965 alii;
1375 3888 1460 3951 racio
1481 3899 1589 3950 autem
1614 3885 1741 3949 essendi

407 3997 578 4080 compositi
595 3995 646 4059 uel
663 3995 767 4060 forme
780 3995 911 4060 liberate
924 3997 977 4058 1⁴a
992 3997 1126 4060 materia
1136 4008 1182 4059 est
1193 3994 1281 4079 quod
1297 3996 1338 4060 sit
1349 4014 1408 4058 ens
1424 4014 1526 4079 perse
1541 4007 1570 4058 et
1585 4006 1740 4077 separate,

409 4123 476 4167 non
497 4123 602 4166 unum
622 4123 680 4166 ens
699 4123 775 4166 cum
791 4103 866 4167 alio.
885 4103 932 4165 Ex
946 4102 1008 4166 hoc
1023 4104 1068 4167 sic
1083 4105 1240 4187 arguitur.
1257 4102 1343 4167 Cum
1359 4116 1460 4167 cessat
1475 4104 1500 4146 11
1515 4103 1600 4165 racio
1614 4101 1740 4165 essendi

407 4211 557 4287 alicuius,
583 4213 691 4295 ipsum
720 4212 941 4294 corrumpitur
964 4215 990 4255 11
1017 4225 1048 4275 et
1077 4231 1144 4275 non
1173 4226 1233 4277 est.
1248 4211 1310 4275 Sed
1338 4231 1415 4275 cum
1445 4223 1609 4294 separatur
1638 4208 1742 4272 forma
1771 4226 1803 4271 30

409 4319 583 4383 materialis
602 4339 621 4382 a
641 4321 786 4396 materia,
802 4332 902 4383 cessat
916 4320 986 4382 eius
1008 4320 1093 4382 racio
1115 4319 1241 4383 essendi
1258 4322 1294 4395 ¹⁷,
1316 4334 1352 4383 ut
1369 4339 1408 4382 ex
1429 4318 1577 4401 predictis
1599 4329 1739 4400 apparet.

408 4426 507 4489 Nulla
534 4427 630 4509 igitur
656 4426 762 4490 forma
785 4429 878 4490 cuius
904 4427 1066 4510 separacio
1092 4447 1110 4489 a
1136 4428 1270 4491 materia
1297 4446 1363 4490 non
1380 4429 1405 4469 11
1419 4439 1466 4490 est
1491 4446 1549 4489 sua
1574 4425 1742 4507 corrupcio

408 4547 454 4598 est
483 4535 670 4599 materialis.
701 4534 764 4599 Sed
793 4536 955 4618 separacio
983 4535 1094 4598 anime
1123 4534 1317 4599 intellectiue
1345 4554 1363 4597 a
1391 4553 1523 4617 corpore
1550 4546 1581 4597 et
1610 4534 1742 4596 materia

491 4833 499 4866 ¹
514 4835 637 4889 Pzex.
655 4864 688 4874 —
705 4832 716 4864 1
730 4833 900 4888 Vzhomo
916 4832 1103 4905 primum—
1118 4831 1129 4864 1
1144 4834 1165 4888 Ρ
1179 4848 1242 4887 -2
1258 4856 1293 4880 :-
1308 4848 1354 4887 an.
1373 4864 1405 4872 -
1419 4831 1507 4884 ‘V—
1522 4843 1623 4887 azot
1637 4830 1740 4887 forma.

409 4921 1121 4992 —⁸V†sibi.—⁸P—2-intellectum.-
1140 4922 1233 4976 1Ρ-
1250 4922 1432 4977 1.-1Ρ-
1450 4937 1520 4975 r.—
1537 4920 1742 4978 ⁰P=sit.-

410 5009 433 5043 ¹⁰
448 5011 517 5063 V:
530 5011 616 5068 sicut.
630 5043 664 5053 —
680 5012 700 5044 11
716 5013 784 5067 Ρ.-.
797 5011 883 5068 uniri.
900 5042 934 5052 —
949 5012 971 5045 11
985 5015 1053 5067 P:
1066 5011 1159 5067 forme
1173 5010 1251 5066 enim
1266 5010 1380 5067 essendi
1396 5010 1481 5066 racio.
1498 5043 1531 5051 —
1548 5010 1568 5044 11
1582 5012 1744 5066 ezcom-

410 5100 514 5172 posita.
524 5133 558 5141 —
574 5102 595 5135 ¹⁴
607 5102 629 5154 V
642 5125 678 5149 =
691 5102 811 5158 liberati.
822 5133 857 5143 -
872 5101 894 5135 11
908 5104 928 5158 Ρ
945 5126 981 5150 z
992 5115 1094 5158 cesset.
1109 5133 1143 5143 —
1158 5100 1181 5135 11
1193 5102 1215 5157 Ρ
1227 5125 1263 5150 :
1273 5100 1445 5173 corrumpit.
1461 5132 1494 5142 —
1513 5100 1535 5134 11
1548 5102 1568 5156 Ρ
1580 5124 1616 5148 =
1629 5099 1742 5156 essendi

410 5190 496 5247 racio.
513 5222 547 5231 -
566 5191 586 5224 11
601 5192 624 5244 V
638 5215 674 5240 =
689 5191 729 5247 id.
