4880 6546
703 887 784 930 CCXX

704 1057 857 1143 phiques
877 1063 886 1099 ¹
910 1069 943 1123 et
962 1077 998 1123 se
1019 1057 1313 1124 recommaudent
1334 1077 1404 1123 aux
1428 1040 1560 1144 prieres
1581 1057 1628 1122 du
1652 1056 1820 1144 Chapitre
1843 1079 1885 1123 en
1910 1056 2039 1125 faisant

703 1173 857 1239 allusion
889 1194 959 1239 aux
990 1173 1142 1259 dangers
1172 1172 1346 1260 auxquels
1377 1172 1420 1239 ils
1451 1187 1533 1240 sont
1560 1173 1706 1259 exposes
1737 1175 1827 1240 dans
1856 1195 1905 1239 un
1935 1173 2038 1242 siecle

705 1289 912 1355 mechant2.

793 1405 848 1470 On
881 1424 901 1470 a
935 1404 1077 1492 regarde
1112 1405 1327 1471 d'ordinaire
1359 1419 1412 1471 cet
1444 1405 1641 1492 important
1672 1406 1867 1472 document
1898 1427 2038 1473 comme

703 1520 873 1586 emanant
898 1521 940 1587 de
967 1521 1194 1587 l'Universite
1218 1521 1260 1587 de
1285 1521 1384 1587 Paris
1408 1522 1540 1587 entiere
1557 1526 1580 1586 ³.
1610 1522 1654 1587 Le
1680 1519 1742 1588 fait
1764 1522 1850 1609 qu’il
1877 1537 1929 1588 est
1954 1522 2039 1589 ecrit

702 1657 746 1702 au
767 1657 851 1702 nom
870 1637 918 1702 du
939 1638 1087 1703 Recteur
1105 1638 1147 1703 de
1164 1637 1428 1704 l'Universite'a
1445 1638 1563 1703 induit
1579 1658 1622 1703 en
1640 1658 1763 1709 erreur
1780 1637 1828 1704 les
1847 1631 2039 1705 historiens

703 1753 765 1839 qui
788 1767 851 1819 ont
872 1754 982 1839 perdu
1006 1754 1048 1819 de
1069 1774 1136 1819 vue
1159 1752 1189 1819 le
1213 1753 1285 1820 rble'
1305 1755 1352 1819 du
1378 1754 1527 1819 Recteur
1548 1755 1637 1820 dans
1658 1754 1886 1820 l'Universite
1903 1759 1916 1797 ⁴
1936 1768 1968 1820 et
1991 1754 2040 1820 les

704 1869 964 1935 circonstances
990 1869 1080 1935 dans
1107 1869 1292 1956 lesquelles
1318 1868 1350 1934 la
1379 1869 1478 1935 lettre
1501 1891 1520 1934 a
1544 1869 1596 1935 ete
1621 1870 1738 1936 ecrite.
1769 1871 1821 1935 En
1851 1869 1981 1949 3331133,
2008 1869 2038 1935 13

705 1982 970 2050 manifestation
991 1984 1039 2051 du
1058 2006 1076 2050 2
1096 1985 1167 2050 mai
1189 1983 1242 2049 fut
1262 1984 1408 2051 l’oeuvre
1427 1985 1470 2051 de
1491 1985 1523 2051 la
1543 1983 1671 2051 laculte
1691 1986 1752 2051 des
1771 1999 1843 2051 arts
1860 1999 1893 2051 et
1909 1985 2039 2072 specia-

704 2101 848 2179 lement,
868 2100 1085 2179 semble-t-il,
1108 2102 1156 2167 du
1179 2100 1269 2187 parti
1291 2100 1481 2181 d’hlberic,
1505 2101 1587 2167 c'est
1607 2102 1627 2167 31
1647 2101 1722 2167 dire
1744 2103 1786 2167 de
1809 2102 1840 2167 la
1864 2101 2036 2190 majorite.

706 2216 732 2282 ll
765 2216 870 2282 serait
901 2216 1274 2283 vraisemblablement
1306 2216 1454 2282 hasarde
1485 2217 1527 2283 de
1558 2238 1685 2304 penser
1714 2238 1783 2304 que
1814 2216 1844 2283 le
1875 2217 1965 2304 parti
1998 2219 2040 2284 de

706 2332 806 2419 Siger
835 2355 858 2421 y
886 2332 934 2398 ait
964 2333 1154 2411 collabore,
1186 2333 1267 2399 bien
1299 2354 1368 2419 que
1401 2354 1492 2400 nous
1519 2354 1633 2421 ayons
1662 2334 1818 2399 entendu
1848 2333 1878 2399 le
1905 2333 2040 2400 celebre

707 2450 831 2514 maltre
861 2456 1052 2515 averro‘iste
1081 2448 1261 2536 exprimes
1291 2469 1354 2516 son
1387 2449 1511 2515 estime
1540 2450 1561 2515 a
1592 2448 1721 2536 l'egard
1753 2449 1911 2516 d’hlbert
1937 2463 1971 2515 et
1998 2450 2040 2514 de

630 2594 632 2601 v
705 2564 867 2631 Thomas
887 2565 993 2630 d'une
1012 2563 1113 2648 lacon
1132 2565 1193 2652 qui
1215 2565 1381 2632 honorait
1398 2586 1462 2631 son
1485 2565 1711 2652 impartialite
1729 2570 1752 2630 ⁵.
1773 2567 1825 2631 En
1845 2578 1922 2632 tout
1937 2585 1996 2631 cas
2016 2564 2039 2630 il

705 2679 780 2746 faut
796 2681 937 2747 exclure
957 2682 999 2747 de
1018 2694 1105 2747 cette
1124 2681 1315 2747 demarche
1336 2681 1367 2746 la
1389 2679 1516 2747 faculte
1536 2682 1578 2747 de
1598 2681 1786 2768 theologie.
1811 2683 1876 2747 Les
1897 2682 2040 2747 maltres

706 2796 873 2863 seculiers
902 2796 1141 2864 nourissaient
1169 2810 1248 2883 trop
1276 2796 1318 2863 de
1348 2818 1524 2863 rancunes
1549 2798 1569 2862 a
1595 2796 1724 2884 l’egard
1753 2798 1795 2863 de
1819 2797 1982 2864 Thomas
2008 2810 2040 2862 et

706 2913 766 2977 des
794 2911 1043 2979 Dominicains
1069 2933 1112 2979 en
1139 2912 1294 3000 general,
1322 2933 1414 3000 pour
1439 2914 1591 3000 pouvoir
1617 2914 1743 2979 rendre
1771 2913 1895 2999 justice
1924 2913 2040 2979 meme

703 3028 723 3093 31
748 3050 797 3093 un
822 3029 1021 3094 adversaire
1044 3030 1086 3094 de
1110 3028 1223 3114 genie.
1251 3029 1350 3095 Nous
1375 3028 1424 3094 les
1443 3049 1604 3107 venons,
1629 3049 1673 3095 en
1706 3051 1801 3115 1277,
1827 3029 1999 3096 chercher
2020 3030 2040 3095 31

704 3145 857 3231 prendre
883 3143 960 3210 leur
987 3145 1161 3211 revanche
1189 3165 1252 3231 par
1281 3166 1350 3210 une
1378 3144 1456 3211 voie
1483 3144 1676 3212 detournee
1704 3166 1747 3211 en
1776 3144 1962 3231 inculpant
1991 3145 2040 3210 les

703 3259 882 3326 doctrines
901 3260 944 3326 de
964 3260 1126 3326 Thomas
1145 3260 1303 3348 d'llquin
1324 3282 1406 3327 avec
1430 3260 1533 3327 celles
1557 3262 1600 3327 de
1626 3261 1725 3348 Siger
1748 3261 1791 3327 de
1817 3262 1983 3327 Brabant.

705 3618 770 3673 licet
789 3617 1014 3689 requisissemus
1033 3618 1183 3684 instanter,
1200 3620 1272 3689 proh
1292 3618 1386 3684 dolor,
1402 3634 1461 3673 non
1478 3618 1631 3689 potuimus
1644 3619 1784 3685 obtinere,
1800 3631 1898 3674 tamen
1917 3620 1952 3674 ad
1967 3621 2040 3676 tanti

704 3707 809 3771 clerici,
832 3707 904 3762 tanti
928 3708 1027 3779 patris,
1052 3707 1123 3763 tanti
1144 3708 1272 3762 doctoris
1296 3708 1479 3773 memoriam,
1505 3724 1563 3762 non
1585 3708 1739 3763 existentes
1763 3708 1877 3778 ingrati,
1899 3709 2039 3764 devotum

707 3797 845 3851 habentes
868 3795 1016 3862 allectum,
1040 3813 1128 3868 quem
1152 3797 1252 3851 vivum
1277 3813 1335 3851 non
1359 3797 1512 3868 potuimus
1538 3798 1681 3862 rehabere,
1709 3797 1801 3869 ipsius
1826 3798 1883 3868 jam
1909 3798 2039 3854 defuncti

705 3902 721 3939 a
742 3885 825 3940 vobis
844 3902 910 3940 ossa
934 3886 1083 3941 humiliter
1103 3903 1155 3957 pro
1177 3886 1306 3940 maximo
1327 3902 1447 3941 munere
1471 3888 1667 3957 postulamus,
1689 3887 1830 3957 quoniam
1852 3887 1976 3942 omnino
1998 3900 2041 3943 est

706 3974 843 4029 indecens
863 3986 890 4029 et
911 3975 1077 4046 indignum,
1100 3988 1132 4031 ut
1150 3977 1237 4030 altera
1257 3974 1363 4048 [natio]
1382 3988 1433 4030 aut
1453 3977 1528 4030 alius
1547 3978 1639 4039 locus,
1659 3992 1749 4046 quarn
1771 3976 1906 4031 omnium
1929 3977 2041 4032 studio-

706 4080 771 4119 rum
792 4064 973 4118 nobilissima
993 4064 1161 4119 Parisiensis
1180 4065 1291 4129 civitas,
1311 4081 1369 4135 que
1388 4065 1484 4136 ipsum
1507 4064 1588 4135 prius
1608 4064 1752 4131 educavit,
1773 4065 1894 4120 nutrivit
1911 4078 1938 4121 et
1958 4066 2038 4131 fovit,

706 4165 733 4207 et
757 4154 948 4224 postmodum
973 4154 1009 4207 ab
1031 4154 1134 4208 eodem
1156 4154 1335 4209 nutrimenta
1358 4167 1385 4209 et
1408 4153 1563 4209 ineffabilia
1587 4154 1716 4209 fomenta
1739 4155 1876 4226 suscepit,
1898 4172 1964 4210 ossa
1989 4157 2041 4211 hec

707 4245 829 4297 humata
850 4254 878 4298 et
898 4244 1011 4314 sepulta
1033 4244 1134 4298 habeat
1155 4256 1182 4298 et
1202 4243 1338 4299 detineat.
1361 4244 1391 4297 Si
1412 4244 1489 4298 enim
1513 4245 1615 4299 merito
1637 4243 1755 4298 ecclesia
1773 4260 1839 4298 ossa
1859 4256 1886 4299 et
1905 4245 2040 4316 reliquias

706 4344 873 4387 sanctorum
899 4334 1033 4398 honorat,
1056 4333 1141 4387 nobis
1162 4350 1221 4387 non
1243 4333 1305 4388 sine
1326 4350 1413 4388 causa
1433 4333 1547 4388 videtur
1571 4335 1728 4388 honestum
1750 4346 1777 4388 et
1799 4331 1945 4399 sanctum,
1967 4335 2040 4390 tanti

705 4421 834 4476 doctoris
849 4438 957 4495 corpus
973 4422 1001 4475 in
1019 4434 1192 4493 perpetuum
1209 4423 1352 4477 honorem
1369 4422 1477 4488 haberi,
1496 4433 1528 4478 ut
1543 4421 1628 4491 cujus
1645 4421 1753 4476 famam
1769 4424 1847 4494 apud
1865 4440 1919 4478 nos
1935 4424 2041 4494 scripta

708 4522 890 4581 perpetuant,
907 4510 1038 4578 ejusdem
1055 4527 1240 4582 perseverans
1256 4511 1397 4566 memoria
1412 4513 1560 4582 sepulture
1580 4512 1712 4583 ipsorum
1728 4512 1757 4566 in
1774 4512 1912 4567 cordibus
1928 4529 2040 4568 succes-

708 4616 809 4655 sorum
826 4613 994 4655 nostrorum
1012 4600 1138 4656 stabiliat
1153 4601 1216 4655 sine
1231 4600 1296 4656 fine.
1316 4600 1417 4654 Cltart.
1440 4601 1525 4655 tfnz'v.
1545 4600 1655 4666 Paris,
1674 4601 1694 4667 l,
1713 4618 1740 4673 p.
1758 4603 1819 4672 504.

798 4691 806 4721 ¹
827 4690 898 4762 Voy.
916 4707 944 4761 p.
964 4707 1057 4756 ccxvi,
1074 4707 1103 4745 n.
1125 4707 1146 4744 1.

796 4781 807 4811 ²
827 4779 930 4833 Chart.
951 4779 1037 4834 Univ.
1055 4780 1165 4845 Poris„
1185 4780 1205 4845 l,
1223 4797 1250 4851 p.
1269 4781 1330 4835 505.

796 4868 1062 4938 ⁸Quietis-Echard,
1083 4869 1196 4941 Script.
1214 4870 1285 4924 Ord.
1304 4869 1424 4936 Praeti„
1448 4870 1467 4923 l.
1489 4887 1517 4941 p.
1534 4886 1584 4943 272
1596 4886 1603 4934 ;
1627 4870 1721 4936 Ehrle,
1737 4871 1852 4927 Archiv
1867 4872 1896 4945 f.
1920 4873 2037 4932 Litt.-u.

708 4957 953 5030 Kirctengescl,
970 4958 1004 5024 V,
1022 4976 1049 5030 p.
1066 4959 1128 5013 610.

796 5048 899 5119 ‘Voy.
917 5064 944 5118 p.

797 5138 898 5211 ὅ1137.
917 5154 944 5208 p.
966 5155 1009 5195 tx.
