4892 6540
1003 905 1206 969 -23-

437 1097 515 1181 quia
538 1095 668 1160 fortuna
691 1115 758 1159 non
779 1095 921 1160 admittit
942 1093 1144 1158 necessitates
1164 1093 1267 1177 [211]‚
1282 1107 1313 1157 et
1334 1092 1379 1156 sic
1402 1112 1520 1175 magna
1542 1112 1615 1175 pars
1636 1090 1769 1156 secundi

438 1204 644 1288 physicorum
680 1202 760 1266 falsa
789 1216 846 1266 est.
879 1202 917 1266 Et
944 1201 1032 1286 quod
1061 1203 1267 1284 coniungunt
1295 1201 1489 1265 eleccionem
1518 1199 1678 1264 voluntati
1706 1220 1771 1284 que

438 1330 609 1393 nunquam
639 1324 687 1374 est
714 1310 909 1385 voluntatiS,
939 1329 1004 1373 non
1041 1308 1102 1372 fuit
1133 1308 1396 1392 philosophicum
1426 1321 1468 1383 et,
1498 1322 1533 1372 ut
1562 1308 1604 1371 ita
1632 1307 1768 1383 dicatur,

436 1417 615 1481 absurdum
641 1430 700 1493 est,
723 1416 755 1479 id
778 1416 865 1500 quod
891 1435 958 1479 non
982 1429 1029 1479 est
1051 1415 1189 1499 dignum
1215 1417 1353 1479 racione.
1380 1414 1413 1478 Si
1439 1428 1546 1478 autem
1573 1415 1635 1478 hoc
1655 1415 1770 1478 dicunt

367 1572 374 1581 .
436 1537 566 1608 propter
590 1523 694 1587 fatum
722 1536 752 1586 et
777 1522 1061 1587 constellationem
1088 1542 1187 1605 quam
1216 1536 1308 1605 poeta
1335 1522 1412 1585 dicit
1438 1523 1617 1585 necessario
1645 1521 1769 1585 trahere
1799 1536 1812 1580 5

435 1631 650 1705 voluntatem,
679 1630 757 1693 dicit
784 1631 871 1693 enirn
903 1644 994 1713 poeta
1023 1628 1120 1692 Tetra
1150 1629 1213 1692 fata
1243 1629 1375 1693 trahunt
1403 1648 1443 1692 ne
1470 1642 1561 1712 cepta
1589 1628 1769 1712 relinquere

436 1740 551 1820 possis,
576 1751 606 1801 et
630 1738 691 1801 hoc
714 1737 838 1800 dictum
864 1737 1090 1820 imperitorum
1114 1749 1161 1800 est
1184 1750 1214 1799 et
1239 1736 1366 1799 malicie
1389 1736 1559 1800 solacium.
1590 1736 1766 1800 Probatum

436 1846 468 1907 in
490 1846 651 1928 principio
666 1845 739 1908 libri
755 1846 810 1928 qui
826 1845 952 1908 arabice
965 1844 1085 1918 alarbe,
1103 1844 1202 1907 latine
1220 1858 1328 1907 autem
1345 1843 1616 1927 quadripartitum
1633 1858 1768 1908 uocatur

434 1951 521 2035 quod
541 1951 628 2028 lacit,
644 1951 731 2035 quod
752 1972 790 2015 ex
804 1952 1049 2016 constellatione
1068 1953 1289 2017 necessitatem
1311 1971 1378 2015 non
1399 1953 1540 2035 imponit
1560 1965 1688 2035 propter
1704 1965 1767 2015 tres

434 2078 546 2122 causas
561 2079 699 2143 quarum
716 2079 781 2122 vna
796 2072 854 2135 est,
870 2061 947 2143 quia
963 2079 1030 2123 non
1047 2061 1081 2122 in
1099 2073 1206 2124 mente
1221 2059 1275 2123 sed
1292 2080 1347 2142 per
1363 2073 1506 2124 mentem
1524 2059 1659 2123 aduenit
1673 2060 1767 2122 cuius
1799 2081 1828 2113 10

435 2166 642 2249 inequalitate
666 2168 781 2249 poterit
805 2166 966 2250 impediri.
992 2166 1142 2231 Secunda
1165 2181 1273 2231 autem
1297 2168 1373 2251 quia
1398 2187 1453 2250 per
1473 2167 1622 2231 accidens
1645 2180 1676 2230 et
1698 2187 1765 2231 non

434 2292 490 2356 per
511 2293 543 2336 se
564 2287 715 2357 operatur
737 2274 769 2336 in
796 2276 900 2351 natis3
926 2287 1077 2357 operatur
1096 2276 1184 2338 enirn
1208 2294 1263 2357 per
1283 2276 1404 2358 primas
1423 2274 1594 2357 qualitates
1613 2294 1676 2358 que
1698 2294 1764 2339 noo

434 2399 489 2463 per
510 2400 543 2443 se
565 2382 699 2444 virtutes
721 2380 886 2444 stellarum
910 2382 1086 2464 accipiunt.
1112 2380 1265 2445 Tercium
1291 2382 1447 2465 estquod
1471 2396 1622 2465 operatur
1646 2383 1679 2444 in
1704 2382 1767 2447 hoc

432 2488 466 2548 in
481 2486 570 2570 quod
585 2501 735 2570 operatur
749 2490 783 2550 in
799 2488 984 2552 diuersitate
998 2502 1028 2552 et
1044 2501 1197 2572 potestate
1217 2490 1348 2553 materie
1369 2502 1533 2567 natorum,
1549 2509 1612 2572 que
1631 2490 1764 2553 materia

431 2593 648 2672 uniformiter,
663 2609 694 2660 et
714 2611 809 2680 prout
829 2611 905 2660 sunt
926 2599 957 2660 in
979 2597 1067 2673 celis,
1088 2599 1226 2680 recipere
1245 2617 1312 2661 non
1333 2610 1436 2681 potest
1454 2596 1596 2661 celorum
1617 2598 1762 2662 virtutes.
1796 2626 1825 2670 15

431 2702 581 2766 Omnino
594 2722 670 2786 ergo
685 2704 896 2767 ridiculosum
913 2719 959 2768 est
974 2705 1062 2788 quod
1078 2705 1201 2768 dicunt.

1059 3161 1130 3245 llVl

505 3456 603 3536 Quod
619 3475 695 3519 vero
709 3468 825 3538 quarto
844 3455 1017 3532 inducunt,
1033 3455 1119 3539 quod
1136 3455 1327 3539 omniaque
1343 3457 1375 3517 in
1392 3455 1601 3519 inferioribus
1619 3470 1760 3540 aguntur

426 3563 605 3626 necessitati
638 3563 779 3626 subsunt
805 3568 980 3645 corporum
1008 3562 1193 3638 celestium,
1222 3563 1363 3625 eundem
1399 3561 1463 3626 iere
1492 3563 1588 3627 habet
1622 3564 1758 3628 modum

426 3669 691 3753 improbacionis.
723 3669 794 3732 lloc
822 3682 930 3733 tamen
961 3670 1109 3733 mirabile
1136 3684 1184 3734 cst
1210 3669 1297 3753 quod
1329 3669 1536 3753 philosophie
1565 3669 1759 3754 professores
1788 3717 1820 3750 ,0

424 3790 534 3839 contra
554 3796 590 3838 ea
609 3775 805 3859 dicuntque
825 3778 858 3838 in
880 3776 1088 3860 philosophia
1107 3776 1241 3860 probata
1260 3790 1347 3840 sunt.
1370 3777 1404 3840 Si
1421 3779 1508 3840 eninr
1530 3790 1638 3841 sextus
1655 3778 1758 3861 philo-

424 3881 538 3966 sophie
558 3884 661 3966 prime
680 3883 807 3966 legitur,
824 3882 916 3947 facile
935 3897 1020 3967 patet
1039 3884 1176 3967 qualiter
1194 3904 1230 3946 ea
1249 3904 1313 3967 que
1333 3886 1366 3946 in
1387 3885 1596 3949 inferioribus
1616 3899 1759 3969 aguntur

423 3991 627 4072 superiorum
654 3990 795 4053 subsunt
819 3991 980 4072 regimini.
1006 3991 1053 4054 lbi
1078 3992 1165 4054 enirn
1191 3991 1372 4054 ostenditur
1393 3992 1531 4075 qualiter
1553 3993 1584 4056 id
1609 3993 1697 4076 quod
1723 3995 1755 4056 in

424 4098 625 4160 naturalibus
653 4098 759 4161 causis
787 4096 970 4181 frequenter
994 4110 1057 4175 est,
1084 4110 1114 4161 et
1140 4118 1206 4162 non
1234 4118 1360 4182 semper
1385 4112 1416 4162 et
1442 4099 1578 4182 ubique,
1605 4100 1691 4164 cadit
1715 4101 1757 4165 ab

420 4205 573 4288 eoquod
600 4224 726 4289 semper
748 4219 807 4282 est,
833 4219 864 4269 et
890 4225 957 4268 non
984 4207 1166 4289 assequitur
1192 4206 1411 4270 necessitatem
1438 4207 1508 4270 eius
1533 4207 1623 4290 quod
1650 4208 1754 4291 latit]
1786 4239 1817 4284 2⁵

421 4332 548 4395 semper
570 4326 628 4376 est.

502 4420 661 4484 Probatur
674 4421 775 4484 eciam
792 4422 930 4505 qualiter
946 4422 975 4485 id
992 4421 1081 4506 quod
1102 4443 1173 4486 raro
1191 4437 1239 4486 est
1259 4424 1292 4485 in
1313 4442 1388 4486 casu
1408 4437 1440 4487 et
1459 4423 1590 4487 fortuna
1609 4424 1696 4488 cadit
1714 4424 1755 4487 ab

419 4547 457 4591 eo
476 4528 563 4611 quod
582 4529 765 4613 frequenter
783 4543 841 4605 est,
861 4545 891 4593 et
914 4549 979 4593 non
1002 4531 1184 4614 assequitur
1205 4531 1353 4594 ordinem
1376 4532 1457 4594 eius.
1481 4532 1535 4607 At,
1559 4544 1594 4594 ut
1615 4532 1755 4595 omnino

420 4650 524 4718 pateat
557 4637 674 4701 horum
710 4638 913 4720 ignorancia,
943 4638 977 4699 in
1005 4636 1149 4701 secundo
1177 4637 1217 4701 de
1247 4639 1458 4721 generacione
1486 4653 1516 4702 et
1543 4642 1755 4724 corrupcione

420 4743 591 4825 probatum
612 4758 659 4808 est
677 4744 765 4829 quod
785 4744 939 4827 quamuis
958 4743 1060 4807 alacio
1079 4743 1157 4808 solis
1176 4759 1207 4808 et
1226 4746 1428 4828 planetarum
1451 4749 1484 4810 in
1499 4748 1621 4812 circulo
1635 4749 1751 4814 decliui
1782 4777 1814 4822 ³0

418 4850 459 4913 sit
473 4869 569 4914 causa
587 4852 1023 4935 generacionisjinferiorum
1041 4866 1071 4916 et
1087 4872 1228 4917 recessus
1249 4875 1361 4919 eorum
1384 4859 1416 4919 in
1438 4858 1551 4922 eodem
1572 4859 1692 4923 circulo
1712 4861 1753 4924 sit

417 4977 513 5022 causa
534 4961 768 5042 corrupcionis,
788 4972 819 5023 et
838 4962 903 5024 sint
924 4961 1055 5045 equales
1078 4963 1207 5046 peryodi
1229 4966 1450 5047 generacionis
1468 4978 1500 5029 et
1517 4968 1750 5050 corrupcionis‚

417 5079 526 5129 tamen
564 5065 715 5130 inferiora
751 5067 880 5150 peryodi
915 5069 1122 5152 equalitatem
1156 5084 1188 5134 et
1218 5072 1366 5135 ordinem
1400 5086 1591 5137 assecuntur
1623 5089 1752 5157 propter

419 5174 549 5237 materie
587 5174 828 5260 inequalitatem
865 5188 896 5241 et
931 5176 1224 5243 inordinacionem.
1258 5178 1342 5260 Quis
1375 5193 1484 5244 autern
1520 5181 1645 5246 dubitet
1679 5201 1750 5266 pro·
