4872 6552
1237 849 1443 927 ..ew

671 1039 826 1127 homine;
848 1052 893 1113 sic
911 1052 1012 1113 eciam
1029 1070 1093 1133 qua
1113 1051 1241 1114 racione
1259 1049 1380 1132 gallina
1399 1068 1501 1112 ouum
1523 1060 1668 1130 tempore
1687 1047 1834 1130 precedat
1853 1060 1883 1111 et
1902 1055 2004 1110 ouum

669 1158 839 1241 gallinam,
856 1160 939 1221 sicut
953 1158 1071 1241 vulgus
1086 1161 1203 1241 arguit.

752 1266 789 1328 ln
814 1266 1001 1348 oppositum
1027 1277 1075 1329 est
1097 1265 1274 1328 aristoteles
1300 1283 1391 1327 nono
1415 1263 1643 1346 metaphysice.
1667 1262 1747 1326 Vult
1770 1264 1858 1326 enim
1884 1262 2004 1325 ibidem

671 1372 758 1455 quod
783 1393 973 1455 quanquam
999 1374 1032 1435 in
1060 1373 1174 1435 eodem
1202 1371 1382 1436 secundum
1411 1390 1589 1433 numerum
1613 1370 1702 1453 quod
1726 1369 1766 1433 de
1793 1370 1940 1452 potencia
1965 1369 2006 1431 ad

628 1495 641 1538 5
671 1495 779 1544 actum
803 1481 963 1563 procedat,
988 1482 1136 1562 potencia
1157 1494 1302 1562 tempore
1324 1492 1431 1542 actum
1454 1478 1632 1553 antecedat,
1653 1477 1738 1541 idem
1762 1490 1872 1540 tamen
1894 1496 2007 1540 secun-

671 1588 750 1651 dum
774 1590 913 1670 speciem
935 1590 1075 1651 existens
1100 1589 1133 1650 in
1155 1601 1227 1651 actu
1253 1588 1436 1670 potenciam
1461 1585 1610 1668 precedit.

752 1703 906 1771 Preterea,
922 1714 1022 1759 omne
1046 1696 1186 1758 existens
1211 1696 1243 1756 in
1271 1695 1418 1777 potencia
1442 1693 1590 1756 educitur
1610 1692 1651 1756 ad
1671 1705 1779 1755 actum
1806 1711 1861 1774 per
1882 1690 2006 1774 aliquid

672 1804 811 1866 existens
831 1804 863 1865 in
884 1816 970 1878 actu,
991 1817 1021 1866 et
1039 1802 1172 1865 tandem
1195 1802 1365 1865 deducitur
1385 1802 1419 1862 in
1439 1800 1554 1863 ordine
1576 1801 1782 1863 mouentium
1806 1799 1845 1862 ad
1869 1818 2007 1862 mouens

671 1911 811 1973 existens
834 1911 868 1972 in
895 1923 967 1973 actu
994 1909 1146 1985 totaliter,
1170 1909 1258 1992 quod
1286 1928 1352 1972 non
1382 1909 1471 1991 prius
1498 1920 1651 1990 potestate
1676 1926 1734 1971 ens
1760 1905 1884 1990 aliquid
1906 1926 2005 1989 quam

613 2045 642 2077 ιο
671 2031 755 2080 actu.
786 2017 895 2097 Quare
923 2017 1105 2080 secundum
1136 2016 1197 2079 hoc
1225 2029 1316 2080 actus
1344 2015 1494 2079 similiter
1519 2029 1664 2098 tempore
1688 2014 1816 2078 videtur
1843 2013 2008 2096 precedere

672 2126 868 2208 potenciam,
889 2138 919 2188 et
943 2144 1038 2207 super
1057 2125 1118 2187 hac
1140 2126 1268 2188 racione
1290 2123 1447 2187 fundatus
1469 2122 1532 2186 fuit
1554 2124 1699 2207 egregius
1724 2121 1952 2205 philosophus,
1972 2134 2008 2184 ut

672 2233 736 2294 iam
754 2233 787 2294 in
804 2233 903 2295 huius
919 2232 1132 2296 dissolutione
1152 2232 1283 2315 patebit.

752 2339 804 2402 Ad
819 2339 1018 2404 euidentiam
1034 2353 1144 2403 autem
1162 2339 1261 2402 huius
1276 2352 1415 2422 quatuor
1430 2338 1664 2401 consideranda
1680 2350 1767 2402 sunt.

754 2447 901 2510 Primum
922 2460 969 2511 est
988 2447 1076 2531 quod
1098 2447 1183 2510 idem
1204 2466 1355 2522 numero,
1376 2446 1555 2529 aliquando
1575 2446 1699 2509 habens
1718 2465 1786 2508 esse
1806 2446 1840 2506 in
1861 2446 2007 2528 potencia

613 2569 642 2612 15
672 2567 702 2616 et
720 2553 899 2637 aliquando
921 2556 954 2617 in
974 2568 1059 2629 actu,
1078 2555 1167 2637 prius
1186 2568 1331 2638 tempore
1352 2568 1454 2637 potest
1473 2573 1654 2636 essequam
1676 2555 1726 2616 sit.
1749 2552 1810 2615 Sed
1827 2553 1904 2635 quia
1924 2553 2009 2614 hanc

673 2663 855 2744 potenciam
877 2662 1016 2745 precedit
1034 2675 1125 2726 actus
1146 2663 1180 2724 in
1199 2662 1277 2738 ali0,
1297 2681 1373 2725 cum
1394 2681 1494 2725 omne
1512 2681 1570 2724 ens
1590 2661 1624 2722 in
1644 2660 1791 2743 potencia
1811 2660 1851 2723 ab
1867 2679 1904 2722 eo
1919 2657 2007 2741 quod

672 2781 718 2831 est
744 2789 801 2831 sue
827 2770 941 2852 speciei
969 2769 1079 2851 aliquo
1107 2769 1206 2832 modo
1230 2768 1319 2833 vadit
1341 2769 1381 2831 ad
1406 2783 1527 2845 actum,
1553 2768 1625 2832 ideo
1652 2787 1719 2831 non
1746 2781 1793 2830 est
1820 2767 2010 2849 simpliciter

672 2875 776 2939 dicere
791 2876 879 2960 quod
901 2879 1048 2959 potencia
1068 2890 1214 2959 tempore
1232 2890 1340 2940 actum
1361 2877 1538 2940 antecedat.
1561 2875 1704 2939 Solucio.
1722 2873 2007 2937 Considerandum

671 2983 821 3066 estquod
841 2985 867 3046 si
888 2998 954 3048 tota
968 2985 1164 3049 uniuersitas
1185 2987 1311 3047 entium
1335 2983 1513 3066 aliquando
1535 2983 1597 3047 fuit
1619 3002 1687 3046 non
1707 3002 1776 3057 ens
1798 2982 1880 3044 sicut
1899 2981 2009 3044 voluc-

610 3118 643 3149 20
672 3104 749 3154 runt
763 3091 864 3174 aliqui
881 3105 984 3174 poete,
1000 3091 1142 3174 theologi
1158 3105 1188 3154 et
1202 3092 1303 3175 aliqui
1326 3091 1487 3154 naturales
1503 3105 1538 3154 ut
1551 3091 1630 3153 dicit
1643 3089 1819 3154 aristoteles
1834 3090 1895 3151 xii⁰
1910 3101 2009 3152 meta-

673 3197 815 3281 physice,
832 3199 981 3280 potencia
1001 3199 1191 3281 simpliciter
1206 3200 1314 3282 ipsum
1336 3210 1445 3262 actum
1467 3198 1657 3282 precederet.
1680 3198 1720 3260 Et
1735 3199 1760 3260 si
1776 3199 1878 3260 eciam
1899 3195 2008 3278 aliqua

672 3305 792 3387 species
807 3307 891 3368 entis
907 3318 984 3381 tota,
1002 3319 1037 3368 ut
1056 3306 1177 3388 species
1197 3305 1356 3381 humana,
1373 3326 1441 3368 esse
1457 3306 1639 3387 incepisset,
1655 3320 1725 3369 tum
1748 3323 1917 3387 nunquam
1935 3316 2007 3366 actu

673 3412 855 3494 prefuisset,
872 3413 955 3476 sicut
968 3412 1102 3496 quidam
1125 3432 1158 3476 se
1178 3426 1294 3496 putant
1308 3413 1559 3489 demonstrasse,
1577 3413 1724 3495 potencia
1738 3412 1779 3475 ad
1794 3425 1902 3474 actum
1920 3410 2008 3472 illius

672 3520 786 3601 speciei
803 3520 991 3602 simpliciter
1005 3521 1112 3602 ipsum
1130 3520 1318 3602 precederet.
1337 3520 1399 3583 Sed
1412 3533 1588 3603 utrumque
1602 3539 1715 3583 eorum
1731 3532 1779 3582 est
1793 3517 2007 3601 impossibile,

610 3641 642 3685 25
672 3627 853 3689 secundum
875 3626 1084 3703 aristotelem,
1100 3627 1188 3709 quod
1210 3640 1341 3710 apparet
1360 3628 1400 3690 de
1423 3628 1540 3710 primo.
1562 3627 1596 3690 Si
1618 3629 1707 3690 enim
1731 3639 1796 3690 tota
1814 3625 2008 3688 vniuersitas

671 3736 797 3797 entium
813 3734 992 3817 aliquando
1014 3733 1128 3797 suisset
1150 3736 1183 3796 in
1207 3736 1365 3817 potencia,
1382 3736 1426 3798 ita
1446 3748 1482 3797 ut
1501 3735 1600 3797 nichil
1622 3734 1801 3797 inentibus
1820 3734 1959 3798 totaliter
1974 3734 2007 3793 in

671 3854 758 3916 actu,
774 3860 901 3924 semper
915 3856 986 3905 actu
1003 3861 1100 3924 agens
1116 3856 1146 3905 et
1161 3861 1311 3918 mouens,
1328 3842 1415 3905 entia
1429 3855 1460 3905 et
1476 3841 1621 3905 mundus
1641 3842 1707 3905 iam
1727 3861 1795 3904 non
1811 3853 1929 3916 essent,
1946 3839 2007 3902 nisi

672 3949 706 4010 in
730 3950 890 4030 potencia,
910 3963 940 4013 et
961 3951 1093 4012 materia
1114 3968 1169 4032 per
1188 3969 1220 4013 se
1240 3951 1299 4014 iret
1317 3949 1358 4014 ad
1378 3965 1485 4014 actum
1506 3950 1594 4033 quod
1614 3961 1661 4013 est
1681 3948 1895 4031 impossibile.
1913 3945 2009 4009 Vnde

671 4055 743 4118 vult
761 4056 938 4119 aristoteles
958 4070 989 4119 et
1007 4077 1087 4120 suus
1109 4069 1349 4120 commentator
1368 4058 1428 4141 xij⁰
1444 4058 1663 4139 metaphisice,
1684 4056 1772 4140 quod
1795 4075 1844 4119 res
1865 4070 2010 4137 tempore

611 4178 643 4223 30
672 4162 802 4226 infinito
816 4165 979 4246 quieuisse
994 4177 1024 4226 et
1046 4178 1155 4246 postea
1176 4177 1281 4227 motas
1300 4184 1380 4240 esse,
1396 4177 1443 4228 est
1464 4140 1637 4228 materianl
1647 4183 1686 4227 ex
1701 4183 1734 4227 se
1750 4162 1906 4227 mobilem
1927 4180 2006 4224 esse.

752 4269 941 4334 Secundum
976 4273 1078 4334 eciam
1112 4284 1244 4354 apparet
1276 4292 1344 4335 esse
1378 4271 1596 4354 impossibile,
1631 4272 1708 4355 quia
1740 4272 1829 4334 enim
1863 4271 2008 4353 primum

673 4397 811 4441 mouens
826 4391 856 4441 et
870 4398 969 4461 agens
991 4399 1118 4461 semper
1131 4392 1179 4443 est
1197 4393 1283 4454 actu,
1300 4399 1367 4442 non
1386 4382 1474 4462 prius
1495 4393 1648 4462 potestate
1667 4378 1791 4462 aliquid
1807 4398 1906 4461 quarn
1922 4391 2008 4452 actu,

671 4487 816 4567 sequitur
835 4486 923 4568 quod
943 4505 1070 4568 semper
1090 4499 1220 4549 moueat
1239 4501 1268 4549 et
1287 4501 1371 4569 agat,
1391 4486 1611 4569 quodcunque
1635 4505 1703 4549 non
1728 4486 1891 4549 mediante
1916 4497 2007 4548 motu

671 4591 759 4667 facit,
780 4592 961 4655 secundum
984 4591 1209 4676 philosophos.
1233 4592 1280 4655 Ex
1301 4594 1362 4656 hoc
1381 4608 1489 4657 autem
1506 4593 1594 4677 quod
1614 4612 1741 4675 semper
1755 4606 1803 4656 est
1822 4611 1960 4655 mouens
1979 4603 2010 4654 et

611 4715 643 4759 35
672 4719 781 4781 agens
798 4701 944 4781 sequitur
958 4700 1047 4781 quod
1067 4699 1159 4763 nulla
1179 4702 1300 4783 species
1319 4702 1402 4763 entis
1417 4701 1458 4763 ad
1478 4716 1584 4765 actum
1608 4699 1801 4783 procederet,
1817 4700 1898 4782 quin
1920 4699 2009 4780 prius

673 4808 886 4888 precessisset,
907 4808 951 4869 ita
969 4807 1058 4889 quod
1080 4808 1224 4870 eiusdem
1249 4809 1448 4891 specieique
1469 4807 1555 4871 fiunt
1575 4806 1771 4871 circulariter
1790 4818 2006 4870 reuertuntur.

673 4913 712 4976 Et
727 4914 913 4995 opiniones
932 4913 1015 4997 leges
1035 4928 1065 4977 et
1085 4915 1268 4998 religiones,
1284 4929 1314 4978 et
1328 4915 1390 4978 alia
1410 4929 1446 4978 ut
1465 4916 1627 4979 occultent
1646 4914 1798 4977 inferiora
1814 4934 1853 4977 ex
1871 4912 2010 4976 occulta-

672 5021 760 5084 tione
776 5021 996 5104 superiorum,
1012 5024 1165 5105 quamuis
1180 5022 1405 5086 occultationis
1422 5023 1489 5106 [75,
1505 5023 1566 5086 col.
1583 5022 1629 5105 b]
1645 5021 1864 5105 quorumdam
1881 5033 2009 5104 propter

672 5128 900 5211 antiquitatem
931 5148 998 5192 non
1028 5142 1159 5193 maneat
1193 5128 1362 5194 memoria.
1393 5129 1465 5193 Hoc
1493 5142 1600 5193 autern
1631 5129 1788 5206 dicimus,
1817 5129 2007 5212 opinionem
