<?xml version="1.0" encoding="UTF-8"?>
<!DOCTYPE html PUBLIC "-//W3C//DTD XHTML 1.0 Transitional//EN"
    "http://www.w3.org/TR/xhtml1/DTD/xhtml1-transitional.dtd">
<html xmlns="http://www.w3.org/1999/xhtml" xml:lang="en" lang="en">
 <head>
  <title>
</title>
<meta http-equiv="Content-Type" content="text/html;charset=utf-8" />
  <meta name='ocr-system' content='tesseract 3.04.00' />
  <meta name='ocr-capabilities' content='ocr_page ocr_carea ocr_par ocr_line ocrx_word'/>
</head>
<body>
  <div class='ocr_page' id='page_1' title='image "./sigerdebrabante00albegoog_0268.png"; bbox 0 0 4880 6546; ppageno 0'>
   <div class='ocr_carea' id='block_1_1' title="bbox 672 894 762 952">
    <p class='ocr_par' dir='ltr' id='par_1_1' title="bbox 672 894 762 952">
     <span class='ocr_line' id='line_1_1' title="bbox 672 894 762 952; baseline -0.033 0"><span class='ocrx_word' id='word_1_1' title='bbox 672 894 762 952; x_wconf 74' lang='lat' dir='ltr'>c&#39;ctv&#39;t</span> 
     </span>
    </p>
   </div>
   <div class='ocr_carea' id='block_1_2' title="bbox 670 1063 2009 2210">
    <p class='ocr_par' dir='ltr' id='par_1_2' title="bbox 671 1063 2007 1399">
     <span class='ocr_line' id='line_1_2' title="bbox 672 1063 2004 1165; baseline -0.003 -21"><span class='ocrx_word' id='word_1_2' title='bbox 672 1092 705 1144; x_wconf 86' lang='lat' dir='ltr'>et</span> <span class='ocrx_word' id='word_1_3' title='bbox 726 1077 806 1165; x_wconf 92' lang='lat' dir='ltr'>plus</span> <span class='ocrx_word' id='word_1_4' title='bbox 828 1099 872 1143; x_wconf 91' lang='lat' dir='ltr'>au</span> <span class='ocrx_word' id='word_1_5' title='bbox 896 1078 981 1163; x_wconf 91' lang='lat' dir='ltr'>long</span> <span class='ocrx_word' id='word_1_6' title='bbox 1001 1076 1090 1143; x_wconf 90' lang='lat' dir='ltr'>dans</span> <span class='ocrx_word' id='word_1_7' title='bbox 1113 1075 1236 1164; x_wconf 79' lang='lat' dir='ltr'>l’Opirs</span> <span class='ocrx_word' id='word_1_8' title='bbox 1258 1066 1418 1142; x_wconf 84' lang='lat' dir='ltr'>Tertium</span> <span class='ocrx_word' id='word_1_9' title='bbox 1442 1079 1464 1140; x_wconf 88' lang='lat'>¹.</span> <span class='ocrx_word' id='word_1_10' title='bbox 1489 1074 1561 1142; x_wconf 87' lang='lat' dir='ltr'>Son</span> <span class='ocrx_word' id='word_1_11' title='bbox 1585 1074 1686 1161; x_wconf 91' lang='lat' dir='ltr'>point</span> <span class='ocrx_word' id='word_1_12' title='bbox 1707 1063 1749 1140; x_wconf 86' lang='lat' dir='ltr'>de</span> <span class='ocrx_word' id='word_1_13' title='bbox 1770 1070 1893 1161; x_wconf 74' lang='lat' dir='ltr'>depart</span> <span class='ocrx_word' id='word_1_14' title='bbox 1914 1066 2004 1141; x_wconf 88' lang='lat' dir='ltr'>dans</span> 
     </span>
     <span class='ocr_line' id='line_1_3' title="bbox 672 1190 2007 1282; baseline -0.001 -22"><span class='ocrx_word' id='word_1_15' title='bbox 672 1195 705 1262; x_wconf 91' lang='lat' dir='ltr'>la</span> <span class='ocrx_word' id='word_1_16' title='bbox 731 1194 895 1282; x_wconf 87' lang='lat' dir='ltr'>question</span> <span class='ocrx_word' id='word_1_17' title='bbox 920 1207 972 1259; x_wconf 91' lang='lat' dir='ltr'>est</span> <span class='ocrx_word' id='word_1_18' title='bbox 995 1214 1033 1259; x_wconf 86' lang='lat' dir='ltr'>sa</span> <span class='ocrx_word' id='word_1_19' title='bbox 1060 1192 1195 1259; x_wconf 75' lang='lat' dir='ltr'>theorie</span> <span class='ocrx_word' id='word_1_20' title='bbox 1216 1213 1277 1258; x_wconf 90' lang='lat' dir='ltr'>sur</span> <span class='ocrx_word' id='word_1_21' title='bbox 1301 1191 1333 1258; x_wconf 90' lang='lat' dir='ltr'>la</span> <span class='ocrx_word' id='word_1_22' title='bbox 1357 1191 1546 1258; x_wconf 72' lang='lat' dir='ltr'>revelation</span> <span class='ocrx_word' id='word_1_23' title='bbox 1572 1192 1614 1257; x_wconf 93' lang='lat' dir='ltr'>de</span> <span class='ocrx_word' id='word_1_24' title='bbox 1639 1191 1670 1257; x_wconf 93' lang='lat' dir='ltr'>la</span> <span class='ocrx_word' id='word_1_25' title='bbox 1693 1212 1830 1278; x_wconf 89' lang='lat' dir='ltr'>sagesse</span> <span class='ocrx_word' id='word_1_26' title='bbox 1851 1190 2007 1277; x_wconf 90' lang='lat' dir='ltr'>philoso-</span> 
     </span>
     <span class='ocr_line' id='line_1_4' title="bbox 671 1308 1394 1399; baseline -0.007 -22"><span class='ocrx_word' id='word_1_27' title='bbox 671 1312 807 1399; x_wconf 90' lang='lat' dir='ltr'>phique</span> <span class='ocrx_word' id='word_1_28' title='bbox 828 1309 909 1376; x_wconf 85' lang='lat' dir='ltr'>faite</span> <span class='ocrx_word' id='word_1_29' title='bbox 929 1331 993 1397; x_wconf 91' lang='lat' dir='ltr'>par</span> <span class='ocrx_word' id='word_1_30' title='bbox 1014 1309 1102 1374; x_wconf 90' lang='lat' dir='ltr'>Dieu</span> <span class='ocrx_word' id='word_1_31' title='bbox 1123 1330 1194 1374; x_wconf 86' lang='lat' dir='ltr'>aux</span> <span class='ocrx_word' id='word_1_32' title='bbox 1215 1308 1394 1375; x_wconf 89' lang='lat' dir='ltr'>hommes.</span> 
     </span>
    </p>

    <p class='ocr_par' dir='ltr' id='par_1_3' title="bbox 670 1423 2009 2210">
     <span class='ocr_line' id='line_1_5' title="bbox 762 1423 2007 1512; baseline -0.002 -19"><span class='ocrx_word' id='word_1_33' title='bbox 762 1430 790 1493; x_wconf 86' lang='grc' dir='ltr'>Α</span> <span class='ocrx_word' id='word_1_34' title='bbox 822 1426 1014 1493; x_wconf 85' lang='lat' dir='ltr'>l’encontre</span> <span class='ocrx_word' id='word_1_35' title='bbox 1044 1425 1087 1491; x_wconf 91' lang='lat' dir='ltr'>de</span> <span class='ocrx_word' id='word_1_36' title='bbox 1114 1425 1276 1491; x_wconf 87' lang='lat' dir='ltr'>Thomas</span> <span class='ocrx_word' id='word_1_37' title='bbox 1304 1424 1461 1512; x_wconf 82' lang='lat' dir='ltr'>d&#39;Aquin</span> <span class='ocrx_word' id='word_1_38' title='bbox 1493 1444 1585 1511; x_wconf 90' lang='lat' dir='ltr'>pour</span> <span class='ocrx_word' id='word_1_39' title='bbox 1615 1423 1676 1511; x_wconf 93' lang='lat' dir='ltr'>qui</span> <span class='ocrx_word' id='word_1_40' title='bbox 1709 1423 1739 1490; x_wconf 93' lang='lat' dir='ltr'>le</span> <span class='ocrx_word' id='word_1_41' title='bbox 1770 1424 1916 1511; x_wconf 78' lang='lat' dir='ltr'>progres</span> <span class='ocrx_word' id='word_1_42' title='bbox 1947 1425 2007 1490; x_wconf 89' lang='lat' dir='ltr'>des</span> 
     </span>
     <span class='ocr_line' id='line_1_6' title="bbox 672 1539 2008 1627; baseline -0.004 -16"><span class='ocrx_word' id='word_1_43' title='bbox 672 1545 825 1611; x_wconf 88' lang='lat' dir='ltr'>sciences</span> <span class='ocrx_word' id='word_1_44' title='bbox 861 1542 1052 1608; x_wconf 91' lang='lat' dir='ltr'>humaines</span> <span class='ocrx_word' id='word_1_45' title='bbox 1083 1554 1135 1607; x_wconf 91' lang='lat' dir='ltr'>est</span> <span class='ocrx_word' id='word_1_46' title='bbox 1166 1542 1213 1607; x_wconf 83' lang='lat' dir='ltr'>dd</span> <span class='ocrx_word' id='word_1_47' title='bbox 1245 1541 1265 1606; x_wconf 81' lang='lat' dir='ltr'>a</span> <span class='ocrx_word' id='word_1_48' title='bbox 1300 1540 1427 1607; x_wconf 86' lang='lat' dir='ltr'>l&#39;effort</span> <span class='ocrx_word' id='word_1_49' title='bbox 1460 1540 1633 1627; x_wconf 76' lang='lat' dir='ltr'>spontane</span> <span class='ocrx_word' id='word_1_50' title='bbox 1665 1554 1698 1606; x_wconf 88' lang='lat' dir='ltr'>et</span> <span class='ocrx_word' id='word_1_51' title='bbox 1729 1539 1915 1608; x_wconf 74' lang='lat' dir='ltr'>accumuld</span> <span class='ocrx_word' id='word_1_52' title='bbox 1947 1541 2008 1606; x_wconf 91' lang='lat' dir='ltr'>des</span> 
     </span>
     <span class='ocr_line' id='line_1_7' title="bbox 671 1655 2008 1748; baseline -0.004 -22"><span class='ocrx_word' id='word_1_53' title='bbox 671 1660 903 1748; x_wconf 90' lang='lat' dir='ltr'>philosophes</span> <span class='ocrx_word' id='word_1_54' title='bbox 926 1665 949 1737; x_wconf 79' lang='lat'>²,</span> <span class='ocrx_word' id='word_1_55' title='bbox 978 1660 1092 1725; x_wconf 87' lang='lat' dir='ltr'>Bacon</span> <span class='ocrx_word' id='word_1_56' title='bbox 1118 1656 1272 1744; x_wconf 80' lang='lat' dir='ltr'>professe</span> <span class='ocrx_word' id='word_1_57' title='bbox 1297 1678 1367 1723; x_wconf 88' lang='lat' dir='ltr'>une</span> <span class='ocrx_word' id='word_1_58' title='bbox 1390 1657 1551 1723; x_wconf 78' lang='lat' dir='ltr'>doctrine</span> <span class='ocrx_word' id='word_1_59' title='bbox 1575 1656 1661 1743; x_wconf 93' lang='lat' dir='ltr'>qu’il</span> <span class='ocrx_word' id='word_1_60' title='bbox 1685 1656 1775 1723; x_wconf 89' lang='lat' dir='ltr'>croit</span> <span class='ocrx_word' id='word_1_61' title='bbox 1799 1655 2008 1723; x_wconf 76' lang='lat' dir='ltr'>renouvelee</span> 
     </span>
     <span class='ocr_line' id='line_1_8' title="bbox 671 1772 2009 1861; baseline -0.005 -17"><span class='ocrx_word' id='word_1_62' title='bbox 671 1780 731 1844; x_wconf 90' lang='lat' dir='ltr'>des</span> <span class='ocrx_word' id='word_1_63' title='bbox 757 1777 872 1855; x_wconf 79' lang='lat' dir='ltr'>Peres,</span> <span class='ocrx_word' id='word_1_64' title='bbox 899 1788 1040 1842; x_wconf 89' lang='lat' dir='ltr'>surtout</span> <span class='ocrx_word' id='word_1_65' title='bbox 1061 1774 1104 1839; x_wconf 93' lang='lat' dir='ltr'>de</span> <span class='ocrx_word' id='word_1_66' title='bbox 1127 1773 1221 1839; x_wconf 85' lang='lat' dir='ltr'>saint</span> <span class='ocrx_word' id='word_1_67' title='bbox 1244 1773 1422 1861; x_wconf 79' lang='lat' dir='ltr'>Augustin</span> <span class='ocrx_word' id='word_1_68' title='bbox 1445 1778 1469 1849; x_wconf 83' lang='lat'>³,</span> <span class='ocrx_word' id='word_1_69' title='bbox 1494 1795 1538 1839; x_wconf 93' lang='lat' dir='ltr'>en</span> <span class='ocrx_word' id='word_1_70' title='bbox 1562 1787 1661 1839; x_wconf 89' lang='lat' dir='ltr'>vertu</span> <span class='ocrx_word' id='word_1_71' title='bbox 1686 1775 1729 1839; x_wconf 91' lang='lat' dir='ltr'>de</span> <span class='ocrx_word' id='word_1_72' title='bbox 1755 1772 1904 1859; x_wconf 83' lang='lat' dir='ltr'>laquelle</span> <span class='ocrx_word' id='word_1_73' title='bbox 1931 1786 2009 1839; x_wconf 88' lang='lat' dir='ltr'>tout</span> 
     </span>
     <span class='ocr_line' id='line_1_9' title="bbox 672 1887 2006 1975; baseline -0.002 -17"><span class='ocrx_word' id='word_1_74' title='bbox 672 1894 702 1960; x_wconf 93' lang='lat' dir='ltr'>le</span> <span class='ocrx_word' id='word_1_75' title='bbox 722 1894 840 1960; x_wconf 88' lang='lat' dir='ltr'>savoir</span> <span class='ocrx_word' id='word_1_76' title='bbox 859 1891 1010 1958; x_wconf 91' lang='lat' dir='ltr'>humain</span> <span class='ocrx_word' id='word_1_77' title='bbox 1032 1905 1084 1956; x_wconf 84' lang='lat' dir='ltr'>est</span> <span class='ocrx_word' id='word_1_78' title='bbox 1102 1890 1150 1955; x_wconf 83' lang='lat' dir='ltr'>dd</span> <span class='ocrx_word' id='word_1_79' title='bbox 1167 1890 1187 1955; x_wconf 80' lang='lat' dir='ltr'>a</span> <span class='ocrx_word' id='word_1_80' title='bbox 1205 1910 1275 1955; x_wconf 93' lang='lat' dir='ltr'>une</span> <span class='ocrx_word' id='word_1_81' title='bbox 1299 1889 1488 1957; x_wconf 76' lang='lat' dir='ltr'>revelation</span> <span class='ocrx_word' id='word_1_82' title='bbox 1510 1889 1715 1956; x_wconf 77' lang='lat' dir='ltr'>immediate</span> <span class='ocrx_word' id='word_1_83' title='bbox 1737 1887 1818 1955; x_wconf 87' lang='lat' dir='ltr'>faite</span> <span class='ocrx_word' id='word_1_84' title='bbox 1837 1909 1900 1975; x_wconf 87' lang='lat' dir='ltr'>par</span> <span class='ocrx_word' id='word_1_85' title='bbox 1918 1889 2006 1955; x_wconf 90' lang='lat' dir='ltr'>Dieu</span> 
     </span>
     <span class='ocr_line' id='line_1_10' title="bbox 670 2004 2006 2095; baseline -0.004 -19"><span class='ocrx_word' id='word_1_86' title='bbox 670 2031 741 2076; x_wconf 83' lang='lat' dir='ltr'>aux</span> <span class='ocrx_word' id='word_1_87' title='bbox 770 2007 1042 2095; x_wconf 77' lang='lat' dir='ltr'>philosophes⁴.</span> <span class='ocrx_word' id='word_1_88' title='bbox 1075 2007 1124 2072; x_wconf 91' lang='lat' dir='ltr'>La</span> <span class='ocrx_word' id='word_1_89' title='bbox 1153 2004 1287 2072; x_wconf 76' lang='lat' dir='ltr'>theoria</span> <span class='ocrx_word' id='word_1_90' title='bbox 1316 2005 1530 2093; x_wconf 78' lang='lat' dir='ltr'>d&#39;llugustin</span> <span class='ocrx_word' id='word_1_91' title='bbox 1561 2006 1648 2072; x_wconf 90' lang='lat' dir='ltr'>n&#39;est</span> <span class='ocrx_word' id='word_1_92' title='bbox 1678 2005 1713 2071; x_wconf 92' lang='lat' dir='ltr'>ni</span> <span class='ocrx_word' id='word_1_93' title='bbox 1742 2004 1837 2073; x_wconf 89' lang='lat' dir='ltr'>aussi</span> <span class='ocrx_word' id='word_1_94' title='bbox 1866 2004 2006 2092; x_wconf 88' lang='lat' dir='ltr'>simple,</span> 
     </span>
     <span class='ocr_line' id='line_1_11' title="bbox 673 2121 2009 2210; baseline -0.003 -19"><span class='ocrx_word' id='word_1_95' title='bbox 673 2127 708 2192; x_wconf 92' lang='lat' dir='ltr'>ni</span> <span class='ocrx_word' id='word_1_96' title='bbox 733 2126 827 2191; x_wconf 88' lang='lat' dir='ltr'>aussi</span> <span class='ocrx_word' id='word_1_97' title='bbox 852 2124 997 2192; x_wconf 90' lang='lat' dir='ltr'>absolue</span> <span class='ocrx_word' id='word_1_98' title='bbox 1021 2128 1116 2209; x_wconf 65' lang='lat' dir='ltr'>5que</span> <span class='ocrx_word' id='word_1_99' title='bbox 1142 2121 1323 2210; x_wconf 87' lang='lat' dir='ltr'>l&#39;imagine</span> <span class='ocrx_word' id='word_1_100' title='bbox 1349 2123 1465 2209; x_wconf 80' lang='lat' dir='ltr'>Roget</span> <span class='ocrx_word' id='word_1_101' title='bbox 1492 2124 1622 2202; x_wconf 88' lang='lat' dir='ltr'>Bacon,</span> <span class='ocrx_word' id='word_1_102' title='bbox 1652 2121 1878 2201; x_wconf 73' lang='lat' dir='ltr'>neanmoins,</span> <span class='ocrx_word' id='word_1_103' title='bbox 1908 2121 1930 2187; x_wconf 93' lang='lat' dir='ltr'>il</span> <span class='ocrx_word' id='word_1_104' title='bbox 1957 2136 2009 2187; x_wconf 88' lang='lat' dir='ltr'>est</span> 
     </span>
    </p>
   </div>
   <div class='ocr_carea' id='block_1_3' title="bbox 670 2390 2008 5236">
    <p class='ocr_par' dir='ltr' id='par_1_4' title="bbox 670 2390 2008 3089">
     <span class='ocr_line' id='line_1_12' title="bbox 671 2390 2008 2463; baseline -0.001 -15"><span class='ocrx_word' id='word_1_105' title='bbox 671 2394 785 2448; x_wconf 89' lang='lat' dir='ltr'>divinae</span> <span class='ocrx_word' id='word_1_106' title='bbox 809 2391 1044 2455; x_wconf 67' lang='lat' dir='ltr'>illuminationis</span> <span class='ocrx_word' id='word_1_107' title='bbox 1072 2393 1138 2446; x_wconf 93' lang='lat' dir='ltr'>volo</span> <span class='ocrx_word' id='word_1_108' title='bbox 1164 2390 1235 2446; x_wconf 92' lang='lat' dir='ltr'>illud</span> <span class='ocrx_word' id='word_1_109' title='bbox 1262 2390 1414 2445; x_wconf 86' lang='lat' dir='ltr'>efficaciter</span> <span class='ocrx_word' id='word_1_110' title='bbox 1440 2392 1578 2461; x_wconf 89' lang='lat' dir='ltr'>probare;</span> <span class='ocrx_word' id='word_1_111' title='bbox 1608 2390 1761 2463; x_wconf 81' lang='lat' dir='ltr'>praecipue</span> <span class='ocrx_word' id='word_1_112' title='bbox 1785 2406 1853 2446; x_wconf 89' lang='lat' dir='ltr'>cum</span> <span class='ocrx_word' id='word_1_113' title='bbox 1883 2406 2008 2460; x_wconf 87' lang='lat' dir='ltr'>magnus</span> 
     </span>
     <span class='ocr_line' id='line_1_13' title="bbox 670 2480 2006 2552; baseline -0.002 -15"><span class='ocrx_word' id='word_1_114' title='bbox 670 2499 748 2538; x_wconf 87' lang='lat' dir='ltr'>error</span> <span class='ocrx_word' id='word_1_115' title='bbox 768 2482 902 2538; x_wconf 82' lang='lat' dir='ltr'>invaserit</span> <span class='ocrx_word' id='word_1_116' title='bbox 918 2482 1024 2550; x_wconf 87' lang='lat' dir='ltr'>vulgus</span> <span class='ocrx_word' id='word_1_117' title='bbox 1040 2481 1068 2535; x_wconf 90' lang='lat' dir='ltr'>in</span> <span class='ocrx_word' id='word_1_118' title='bbox 1087 2481 1140 2535; x_wconf 90' lang='lat' dir='ltr'>hac</span> <span class='ocrx_word' id='word_1_119' title='bbox 1159 2494 1247 2552; x_wconf 85' lang='lat' dir='ltr'>parte,</span> <span class='ocrx_word' id='word_1_120' title='bbox 1265 2496 1379 2534; x_wconf 86' lang='lat' dir='ltr'>necnon</span> <span class='ocrx_word' id='word_1_121' title='bbox 1396 2480 1616 2536; x_wconf 81' lang='lat' dir='ltr'>multitudinem</span> <span class='ocrx_word' id='word_1_122' title='bbox 1633 2496 1769 2550; x_wconf 88' lang='lat' dir='ltr'>magnam</span> <span class='ocrx_word' id='word_1_123' title='bbox 1790 2481 2006 2549; x_wconf 86' lang='lat' dir='ltr'>theologorum,</span> 
     </span>
     <span class='ocr_line' id='line_1_14' title="bbox 671 2569 2006 2643; baseline -0.002 -16"><span class='ocrx_word' id='word_1_124' title='bbox 671 2573 813 2643; x_wconf 90' lang='lat' dir='ltr'>quoniam</span> <span class='ocrx_word' id='word_1_125' title='bbox 833 2573 928 2643; x_wconf 91' lang='lat' dir='ltr'>qualis</span> <span class='ocrx_word' id='word_1_126' title='bbox 947 2571 994 2626; x_wconf 92' lang='lat' dir='ltr'>hic</span> <span class='ocrx_word' id='word_1_127' title='bbox 1012 2582 1055 2625; x_wconf 88' lang='lat' dir='ltr'>est</span> <span class='ocrx_word' id='word_1_128' title='bbox 1074 2570 1102 2624; x_wconf 94' lang='lat' dir='ltr'>in</span> <span class='ocrx_word' id='word_1_129' title='bbox 1123 2570 1309 2642; x_wconf 84' lang='lat' dir='ltr'>philosophia</span> <span class='ocrx_word' id='word_1_130' title='bbox 1328 2570 1392 2625; x_wconf 89' lang='lat' dir='ltr'>talis</span> <span class='ocrx_word' id='word_1_131' title='bbox 1411 2570 1440 2624; x_wconf 93' lang='lat' dir='ltr'>in</span> <span class='ocrx_word' id='word_1_132' title='bbox 1460 2570 1606 2640; x_wconf 84' lang='lat' dir='ltr'>theologia</span> <span class='ocrx_word' id='word_1_133' title='bbox 1624 2586 1686 2625; x_wconf 84' lang='lat' dir='ltr'>esse</span> <span class='ocrx_word' id='word_1_134' title='bbox 1704 2570 1853 2642; x_wconf 88' lang='lat' dir='ltr'>probatur.</span> <span class='ocrx_word' id='word_1_135' title='bbox 1878 2569 2006 2639; x_wconf 88' lang='lat' dir='ltr'>Bridges,</span> 
     </span>
     <span class='ocr_line' id='line_1_15' title="bbox 675 2659 2007 2733; baseline -0.002 -17"><span class='ocrx_word' id='word_1_136' title='bbox 675 2662 739 2716; x_wconf 83' lang='lat' dir='ltr'>The</span> <span class='ocrx_word' id='word_1_137' title='bbox 767 2662 845 2733; x_wconf 86' lang='lat' dir='ltr'>Opus</span> <span class='ocrx_word' id='word_1_138' title='bbox 872 2660 975 2729; x_wconf 85' lang='lat' dir='ltr'>Mujus</span> <span class='ocrx_word' id='word_1_139' title='bbox 1000 2660 1039 2731; x_wconf 85' lang='lat' dir='ltr'>os</span> <span class='ocrx_word' id='word_1_140' title='bbox 1060 2660 1164 2731; x_wconf 82' lang='lat' dir='ltr'>Roger</span> <span class='ocrx_word' id='word_1_141' title='bbox 1190 2660 1301 2723; x_wconf 78' lang='lat' dir='ltr'>Boeoti,</span> <span class='ocrx_word' id='word_1_142' title='bbox 1329 2660 1350 2724; x_wconf 94' lang='lat' dir='ltr'>l,</span> <span class='ocrx_word' id='word_1_143' title='bbox 1380 2676 1407 2731; x_wconf 92' lang='lat' dir='ltr'>p.</span> <span class='ocrx_word' id='word_1_144' title='bbox 1434 2660 1523 2731; x_wconf 80' lang='lat'>38-39.</span> <span class='ocrx_word' id='word_1_145' title='bbox 1555 2660 1648 2730; x_wconf 80' lang='lat' dir='ltr'>Roget</span> <span class='ocrx_word' id='word_1_146' title='bbox 1674 2676 1783 2731; x_wconf 89' lang='lat' dir='ltr'>prouve</span> <span class='ocrx_word' id='word_1_147' title='bbox 1809 2676 1839 2713; x_wconf 90' lang='lat' dir='ltr'>sa</span> <span class='ocrx_word' id='word_1_148' title='bbox 1866 2661 1946 2714; x_wconf 81' lang='lat' dir='ltr'>these</span> <span class='ocrx_word' id='word_1_149' title='bbox 1972 2659 2007 2713; x_wconf 92' lang='lat' dir='ltr'>de</span> 
     </span>
     <span class='ocr_line' id='line_1_16' title="bbox 671 2748 2007 2821; baseline -0.002 -16"><span class='ocrx_word' id='word_1_150' title='bbox 671 2751 816 2806; x_wconf 89' lang='lat' dir='ltr'>l’intellect</span> <span class='ocrx_word' id='word_1_151' title='bbox 842 2762 927 2820; x_wconf 87' lang='lat' dir='ltr'>agent</span> <span class='ocrx_word' id='word_1_152' title='bbox 952 2750 1060 2821; x_wconf 75' lang='lat' dir='ltr'>separe,</span> <span class='ocrx_word' id='word_1_153' title='bbox 1088 2765 1137 2820; x_wconf 88' lang='lat' dir='ltr'>par</span> <span class='ocrx_word' id='word_1_154' title='bbox 1162 2749 1306 2805; x_wconf 78' lang='lat' dir='ltr'>l&#39;autorite</span> <span class='ocrx_word' id='word_1_155' title='bbox 1331 2748 1498 2815; x_wconf 76' lang='lat' dir='ltr'>d&#39;hlfarabi,</span> <span class='ocrx_word' id='word_1_156' title='bbox 1525 2749 1711 2813; x_wconf 81' lang='lat' dir='ltr'>d&#39;hvicenne‚</span> <span class='ocrx_word' id='word_1_157' title='bbox 1738 2748 1894 2804; x_wconf 80' lang='lat' dir='ltr'>d’hristote</span> <span class='ocrx_word' id='word_1_158' title='bbox 1919 2762 1945 2804; x_wconf 93' lang='lat' dir='ltr'>et</span> <span class='ocrx_word' id='word_1_159' title='bbox 1971 2748 2007 2802; x_wconf 91' lang='lat' dir='ltr'>de</span> 
     </span>
     <span class='ocr_line' id='line_1_17' title="bbox 672 2838 2006 2911; baseline -0.003 -15"><span class='ocrx_word' id='word_1_160' title='bbox 672 2841 747 2896; x_wconf 92' lang='lat' dir='ltr'>saint</span> <span class='ocrx_word' id='word_1_161' title='bbox 762 2840 918 2910; x_wconf 81' lang='lat' dir='ltr'>Augustin.</span> <span class='ocrx_word' id='word_1_162' title='bbox 942 2838 1059 2909; x_wconf 84' lang='lat' dir='ltr'>Bridges</span> <span class='ocrx_word' id='word_1_163' title='bbox 1080 2840 1147 2893; x_wconf 88' lang='lat' dir='ltr'>s’est</span> <span class='ocrx_word' id='word_1_164' title='bbox 1168 2838 1285 2911; x_wconf 76' lang='lat' dir='ltr'>mepris,</span> <span class='ocrx_word' id='word_1_165' title='bbox 1307 2854 1422 2892; x_wconf 89' lang='lat' dir='ltr'>comme</span> <span class='ocrx_word' id='word_1_166' title='bbox 1442 2839 1551 2903; x_wconf 86' lang='lat' dir='ltr'>Renan,</span> <span class='ocrx_word' id='word_1_167' title='bbox 1572 2838 1672 2908; x_wconf 89' lang='lat' dir='ltr'>quand</span> <span class='ocrx_word' id='word_1_168' title='bbox 1691 2838 1709 2892; x_wconf 92' lang='lat' dir='ltr'>il</span> <span class='ocrx_word' id='word_1_169' title='bbox 1728 2838 1798 2894; x_wconf 77' lang='lat' dir='ltr'>ecrit</span> <span class='ocrx_word' id='word_1_170' title='bbox 1816 2840 1832 2892; x_wconf 77' lang='lat' dir='ltr'>a</span> <span class='ocrx_word' id='word_1_171' title='bbox 1851 2838 2006 2893; x_wconf 86' lang='lat' dir='ltr'>l’occasion</span> 
     </span>
     <span class='ocr_line' id='line_1_18' title="bbox 670 2927 2006 3000; baseline -0.001 -16"><span class='ocrx_word' id='word_1_172' title='bbox 670 2930 710 2987; x_wconf 90' lang='lat' dir='ltr'>du</span> <span class='ocrx_word' id='word_1_173' title='bbox 728 2930 872 3000; x_wconf 80' lang='lat' dir='ltr'>fragment</span> <span class='ocrx_word' id='word_1_174' title='bbox 886 2928 941 2983; x_wconf 78' lang='lat' dir='ltr'>cite</span> <span class='ocrx_word' id='word_1_175' title='bbox 958 2944 964 2982; x_wconf 89' lang='lat'>:</span> <span class='ocrx_word' id='word_1_176' title='bbox 988 2927 1012 2983; x_wconf 90' lang='lat' dir='ltr'>lt</span> <span class='ocrx_word' id='word_1_177' title='bbox 1025 2929 1083 2982; x_wconf 82' lang='lat' dir='ltr'>will</span> <span class='ocrx_word' id='word_1_178' title='bbox 1101 2928 1134 2982; x_wconf 93' lang='lat' dir='ltr'>be</span> <span class='ocrx_word' id='word_1_179' title='bbox 1150 2945 1215 2983; x_wconf 89' lang='lat' dir='ltr'>seen</span> <span class='ocrx_word' id='word_1_180' title='bbox 1233 2929 1295 2984; x_wconf 86' lang='lat' dir='ltr'>that</span> <span class='ocrx_word' id='word_1_181' title='bbox 1312 2928 1407 2982; x_wconf 88' lang='lat' dir='ltr'>Bacon</span> <span class='ocrx_word' id='word_1_182' title='bbox 1425 2928 1453 2981; x_wconf 92' lang='lat' dir='ltr'>in</span> <span class='ocrx_word' id='word_1_183' title='bbox 1470 2927 1528 2984; x_wconf 89' lang='lat' dir='ltr'>this</span> <span class='ocrx_word' id='word_1_184' title='bbox 1544 2944 1663 2998; x_wconf 89' lang='lat' dir='ltr'>passage</span> <span class='ocrx_word' id='word_1_185' title='bbox 1678 2944 1798 2999; x_wconf 87' lang='lat' dir='ltr'>appears</span> <span class='ocrx_word' id='word_1_186' title='bbox 1814 2940 1844 2983; x_wconf 91' lang='lat' dir='ltr'>to</span> <span class='ocrx_word' id='word_1_187' title='bbox 1860 2928 1921 2982; x_wconf 90' lang='lat' dir='ltr'>side</span> <span class='ocrx_word' id='word_1_188' title='bbox 1936 2927 2006 2982; x_wconf 89' lang='lat' dir='ltr'>with</span> 
     </span>
     <span class='ocr_line' id='line_1_19' title="bbox 671 3018 1208 3089; baseline -0.002 -14"><span class='ocrx_word' id='word_1_189' title='bbox 671 3021 720 3075; x_wconf 87' lang='lat' dir='ltr'>tlte</span> <span class='ocrx_word' id='word_1_190' title='bbox 736 3021 875 3076; x_wconf 80' lang='lat' dir='ltr'>Arabians</span> <span class='ocrx_word' id='word_1_191' title='bbox 891 3018 1002 3089; x_wconf 89' lang='lat' dir='ltr'>against</span> <span class='ocrx_word' id='word_1_192' title='bbox 1018 3018 1208 3074; x_wconf 90' lang='lat' dir='ltr'>St-Thomas.</span> 
     </span>
    </p>

    <p class='ocr_par' dir='ltr' id='par_1_5' title="bbox 670 3106 2008 4788">
     <span class='ocr_line' id='line_1_20' title="bbox 761 3106 2008 3179; baseline -0.002 -17"><span class='ocrx_word' id='word_1_193' title='bbox 761 3108 936 3179; x_wconf 87' lang='lat' dir='ltr'>¹Sapientia</span> <span class='ocrx_word' id='word_1_194' title='bbox 961 3106 1163 3178; x_wconf 87' lang='lat' dir='ltr'>philosophiae</span> <span class='ocrx_word' id='word_1_195' title='bbox 1187 3120 1230 3162; x_wconf 90' lang='lat' dir='ltr'>est</span> <span class='ocrx_word' id='word_1_196' title='bbox 1254 3120 1314 3162; x_wconf 85' lang='lat' dir='ltr'>tota</span> <span class='ocrx_word' id='word_1_197' title='bbox 1339 3106 1461 3163; x_wconf 87' lang='lat' dir='ltr'>revelata</span> <span class='ocrx_word' id='word_1_198' title='bbox 1485 3124 1500 3160; x_wconf 90' lang='lat' dir='ltr'>a</span> <span class='ocrx_word' id='word_1_199' title='bbox 1526 3107 1586 3161; x_wconf 88' lang='lat' dir='ltr'>Deo</span> <span class='ocrx_word' id='word_1_200' title='bbox 1612 3118 1639 3162; x_wconf 90' lang='lat' dir='ltr'>et</span> <span class='ocrx_word' id='word_1_201' title='bbox 1665 3106 1732 3162; x_wconf 88' lang='lat' dir='ltr'>data</span> <span class='ocrx_word' id='word_1_202' title='bbox 1760 3106 1953 3179; x_wconf 64' lang='lat' dir='ltr'>philosophis</span> <span class='ocrx_word' id='word_1_203' title='bbox 1980 3118 2008 3161; x_wconf 91' lang='lat' dir='ltr'>et</span> 
     </span>
     <span class='ocr_line' id='line_1_21' title="bbox 671 3196 2006 3269; baseline -0.002 -16"><span class='ocrx_word' id='word_1_204' title='bbox 671 3200 735 3269; x_wconf 90' lang='lat' dir='ltr'>lpse</span> <span class='ocrx_word' id='word_1_205' title='bbox 752 3211 795 3253; x_wconf 88' lang='lat' dir='ltr'>est</span> <span class='ocrx_word' id='word_1_206' title='bbox 816 3198 866 3268; x_wconf 91' lang='lat' dir='ltr'>qui</span> <span class='ocrx_word' id='word_1_207' title='bbox 888 3196 1034 3251; x_wconf 89' lang='lat' dir='ltr'>illuminat</span> <span class='ocrx_word' id='word_1_208' title='bbox 1055 3197 1167 3251; x_wconf 88' lang='lat' dir='ltr'>animas</span> <span class='ocrx_word' id='word_1_209' title='bbox 1190 3197 1347 3251; x_wconf 91' lang='lat' dir='ltr'>hominum</span> <span class='ocrx_word' id='word_1_210' title='bbox 1366 3196 1396 3251; x_wconf 91' lang='lat' dir='ltr'>in</span> <span class='ocrx_word' id='word_1_211' title='bbox 1415 3197 1497 3251; x_wconf 90' lang='lat' dir='ltr'>omni</span> <span class='ocrx_word' id='word_1_212' title='bbox 1519 3196 1677 3268; x_wconf 89' lang='lat' dir='ltr'>sapientia;</span> <span class='ocrx_word' id='word_1_213' title='bbox 1698 3208 1725 3252; x_wconf 92' lang='lat' dir='ltr'>et</span> <span class='ocrx_word' id='word_1_214' title='bbox 1746 3196 1905 3267; x_wconf 84' lang='lat' dir='ltr'>quiaillud</span> <span class='ocrx_word' id='word_1_215' title='bbox 1925 3196 2006 3266; x_wconf 91' lang='lat' dir='ltr'>quod</span> 
     </span>
     <span class='ocr_line' id='line_1_22' title="bbox 671 3285 2007 3356; baseline -0.001 -15"><span class='ocrx_word' id='word_1_216' title='bbox 671 3286 817 3342; x_wconf 90' lang='lat' dir='ltr'>illuminat</span> <span class='ocrx_word' id='word_1_217' title='bbox 838 3297 949 3341; x_wconf 88' lang='lat' dir='ltr'>mentes</span> <span class='ocrx_word' id='word_1_218' title='bbox 971 3297 1094 3351; x_wconf 88' lang='lat' dir='ltr'>nostras,</span> <span class='ocrx_word' id='word_1_219' title='bbox 1115 3298 1236 3341; x_wconf 90' lang='lat' dir='ltr'>vocatur</span> <span class='ocrx_word' id='word_1_220' title='bbox 1257 3302 1337 3341; x_wconf 88' lang='lat' dir='ltr'>nunc</span> <span class='ocrx_word' id='word_1_221' title='bbox 1357 3302 1372 3339; x_wconf 92' lang='lat' dir='ltr'>a</span> <span class='ocrx_word' id='word_1_222' title='bbox 1393 3287 1537 3356; x_wconf 85' lang='lat' dir='ltr'>theologis</span> <span class='ocrx_word' id='word_1_223' title='bbox 1558 3287 1721 3342; x_wconf 90' lang='lat' dir='ltr'>intellectus</span> <span class='ocrx_word' id='word_1_224' title='bbox 1742 3302 1839 3355; x_wconf 87' lang='lat' dir='ltr'>agens,</span> <span class='ocrx_word' id='word_1_225' title='bbox 1861 3285 1942 3356; x_wconf 89' lang='lat' dir='ltr'>quod</span> <span class='ocrx_word' id='word_1_226' title='bbox 1964 3298 2007 3340; x_wconf 90' lang='lat' dir='ltr'>est</span> 
     </span>
     <span class='ocr_line' id='line_1_23' title="bbox 670 3374 2007 3448; baseline 0 -18"><span class='ocrx_word' id='word_1_227' title='bbox 670 3377 791 3431; x_wconf 89' lang='lat' dir='ltr'>verbum</span> <span class='ocrx_word' id='word_1_228' title='bbox 817 3375 985 3448; x_wconf 91' lang='lat' dir='ltr'>philosophi</span> <span class='ocrx_word' id='word_1_229' title='bbox 1011 3375 1040 3429; x_wconf 94' lang='lat' dir='ltr'>in</span> <span class='ocrx_word' id='word_1_230' title='bbox 1066 3377 1150 3431; x_wconf 88' lang='lat' dir='ltr'>tertio</span> <span class='ocrx_word' id='word_1_231' title='bbox 1172 3375 1208 3429; x_wconf 90' lang='lat' dir='ltr'>de</span> <span class='ocrx_word' id='word_1_232' title='bbox 1229 3376 1337 3430; x_wconf 80' lang='lat' dir='ltr'>Anima</span> <span class='ocrx_word' id='word_1_233' title='bbox 1361 3376 1471 3445; x_wconf 84' lang='lat' dir='ltr'>(iv-vi),</span> <span class='ocrx_word' id='word_1_234' title='bbox 1497 3376 1546 3431; x_wconf 92' lang='lat' dir='ltr'>ubi</span> <span class='ocrx_word' id='word_1_235' title='bbox 1570 3375 1725 3446; x_wconf 83' lang='lat' dir='ltr'>distinguit</span> <span class='ocrx_word' id='word_1_236' title='bbox 1747 3376 1829 3445; x_wconf 91' lang='lat' dir='ltr'>quod</span> <span class='ocrx_word' id='word_1_237' title='bbox 1852 3374 1913 3430; x_wconf 92' lang='lat' dir='ltr'>duo</span> <span class='ocrx_word' id='word_1_238' title='bbox 1937 3387 2007 3430; x_wconf 89' lang='lat' dir='ltr'>sunt</span> 
     </span>
     <span class='ocr_line' id='line_1_24' title="bbox 670 3464 2007 3537; baseline -0.001 -17"><span class='ocrx_word' id='word_1_239' title='bbox 670 3466 843 3532; x_wconf 90' lang='lat' dir='ltr'>intellectus,</span> <span class='ocrx_word' id='word_1_240' title='bbox 869 3466 977 3521; x_wconf 86' lang='lat' dir='ltr'>seilicet</span> <span class='ocrx_word' id='word_1_241' title='bbox 1000 3481 1087 3536; x_wconf 87' lang='lat' dir='ltr'>agens</span> <span class='ocrx_word' id='word_1_242' title='bbox 1109 3476 1136 3520; x_wconf 90' lang='lat' dir='ltr'>et</span> <span class='ocrx_word' id='word_1_243' title='bbox 1160 3464 1317 3536; x_wconf 87' lang='lat' dir='ltr'>possibilis.</span> <span class='ocrx_word' id='word_1_244' title='bbox 1344 3465 1411 3520; x_wconf 86' lang='lat' dir='ltr'>Ideo</span> <span class='ocrx_word' id='word_1_245' title='bbox 1433 3479 1548 3536; x_wconf 86' lang='lat' dir='ltr'>propter</span> <span class='ocrx_word' id='word_1_246' title='bbox 1573 3465 1759 3537; x_wconf 89' lang='lat' dir='ltr'>propositum</span> <span class='ocrx_word' id='word_1_247' title='bbox 1783 3480 1882 3520; x_wconf 92' lang='lat' dir='ltr'>meum</span> <span class='ocrx_word' id='word_1_248' title='bbox 1906 3480 2007 3519; x_wconf 91' lang='lat' dir='ltr'>conse-</span> 
     </span>
     <span class='ocr_line' id='line_1_25' title="bbox 670 3553 2006 3627; baseline -0.002 -17"><span class='ocrx_word' id='word_1_249' title='bbox 670 3554 840 3625; x_wconf 88' lang='lat' dir='ltr'>quendum,</span> <span class='ocrx_word' id='word_1_250' title='bbox 856 3554 964 3611; x_wconf 87' lang='lat' dir='ltr'>scilicet</span> <span class='ocrx_word' id='word_1_251' title='bbox 980 3554 1061 3625; x_wconf 90' lang='lat' dir='ltr'>quod</span> <span class='ocrx_word' id='word_1_252' title='bbox 1081 3570 1097 3607; x_wconf 88' lang='lat' dir='ltr'>a</span> <span class='ocrx_word' id='word_1_253' title='bbox 1116 3554 1175 3608; x_wconf 88' lang='lat' dir='ltr'>Deo</span> <span class='ocrx_word' id='word_1_254' title='bbox 1193 3567 1235 3609; x_wconf 91' lang='lat' dir='ltr'>est</span> <span class='ocrx_word' id='word_1_255' title='bbox 1253 3565 1314 3609; x_wconf 89' lang='lat' dir='ltr'>tota</span> <span class='ocrx_word' id='word_1_256' title='bbox 1333 3555 1579 3627; x_wconf 91' lang='lat' dir='ltr'>philosophorum</span> <span class='ocrx_word' id='word_1_257' title='bbox 1600 3553 1763 3619; x_wconf 89' lang='lat' dir='ltr'>illustratio,</span> <span class='ocrx_word' id='word_1_258' title='bbox 1780 3553 1905 3609; x_wconf 91' lang='lat' dir='ltr'>ostendo</span> <span class='ocrx_word' id='word_1_259' title='bbox 1925 3553 2006 3624; x_wconf 90' lang='lat' dir='ltr'>quod</span> 
     </span>
     <span class='ocr_line' id='line_1_26' title="bbox 672 3643 2007 3716; baseline 0.001 -19"><span class='ocrx_word' id='word_1_260' title='bbox 672 3644 719 3698; x_wconf 88' lang='lat' dir='ltr'>hic</span> <span class='ocrx_word' id='word_1_261' title='bbox 737 3644 900 3699; x_wconf 87' lang='lat' dir='ltr'>intellectus</span> <span class='ocrx_word' id='word_1_262' title='bbox 918 3660 1003 3715; x_wconf 88' lang='lat' dir='ltr'>agens</span> <span class='ocrx_word' id='word_1_263' title='bbox 1024 3656 1067 3699; x_wconf 86' lang='lat' dir='ltr'>est</span> <span class='ocrx_word' id='word_1_264' title='bbox 1082 3643 1160 3698; x_wconf 88' lang='lat' dir='ltr'>Deus</span> <span class='ocrx_word' id='word_1_265' title='bbox 1180 3643 1384 3716; x_wconf 87' lang='lat' dir='ltr'>principaliter,</span> <span class='ocrx_word' id='word_1_266' title='bbox 1404 3655 1431 3699; x_wconf 91' lang='lat' dir='ltr'>et</span> <span class='ocrx_word' id='word_1_267' title='bbox 1450 3643 1623 3699; x_wconf 88' lang='lat' dir='ltr'>secundario</span> <span class='ocrx_word' id='word_1_268' title='bbox 1638 3644 1750 3713; x_wconf 76' lang='lat' dir='ltr'>Angeli,</span> <span class='ocrx_word' id='word_1_269' title='bbox 1768 3644 1818 3715; x_wconf 93' lang='lat' dir='ltr'>qui</span> <span class='ocrx_word' id='word_1_270' title='bbox 1839 3643 2007 3699; x_wconf 89' lang='lat' dir='ltr'>illuminant</span> 
     </span>
     <span class='ocr_line' id='line_1_27' title="bbox 670 3732 2006 3805; baseline -0.001 -17"><span class='ocrx_word' id='word_1_271' title='bbox 670 3749 735 3788; x_wconf 87' lang='lat' dir='ltr'>nos.</span> <span class='ocrx_word' id='word_1_272' title='bbox 759 3734 833 3787; x_wconf 93' lang='lat' dir='ltr'>Nam</span> <span class='ocrx_word' id='word_1_273' title='bbox 851 3734 928 3789; x_wconf 89' lang='lat' dir='ltr'>Deus</span> <span class='ocrx_word' id='word_1_274' title='bbox 945 3746 1075 3805; x_wconf 87' lang='lat' dir='ltr'>respectu</span> <span class='ocrx_word' id='word_1_275' title='bbox 1091 3732 1206 3787; x_wconf 89' lang='lat' dir='ltr'>animae</span> <span class='ocrx_word' id='word_1_276' title='bbox 1221 3746 1262 3788; x_wconf 90' lang='lat' dir='ltr'>est</span> <span class='ocrx_word' id='word_1_277' title='bbox 1279 3733 1355 3788; x_wconf 88' lang='lat' dir='ltr'>sicut</span> <span class='ocrx_word' id='word_1_278' title='bbox 1375 3734 1417 3787; x_wconf 89' lang='lat' dir='ltr'>sol</span> <span class='ocrx_word' id='word_1_279' title='bbox 1438 3745 1568 3804; x_wconf 90' lang='lat' dir='ltr'>respectu</span> <span class='ocrx_word' id='word_1_280' title='bbox 1585 3734 1662 3788; x_wconf 90' lang='lat' dir='ltr'>oculi</span> <span class='ocrx_word' id='word_1_281' title='bbox 1678 3733 1846 3804; x_wconf 91' lang='lat' dir='ltr'>corporalis,</span> <span class='ocrx_word' id='word_1_282' title='bbox 1863 3744 1891 3787; x_wconf 89' lang='lat' dir='ltr'>et</span> <span class='ocrx_word' id='word_1_283' title='bbox 1905 3733 2006 3801; x_wconf 77' lang='lat' dir='ltr'>Angeli</span> 
     </span>
     <span class='ocr_line' id='line_1_28' title="bbox 671 3822 2005 3894; baseline -0.001 -17"><span class='ocrx_word' id='word_1_284' title='bbox 671 3834 741 3877; x_wconf 91' lang='lat' dir='ltr'>sunt</span> <span class='ocrx_word' id='word_1_285' title='bbox 764 3824 869 3877; x_wconf 91' lang='lat' dir='ltr'>stellae.</span> <span class='ocrx_word' id='word_1_286' title='bbox 896 3823 930 3878; x_wconf 89' lang='lat' dir='ltr'>Et</span> <span class='ocrx_word' id='word_1_287' title='bbox 954 3839 1012 3878; x_wconf 92' lang='lat' dir='ltr'>non</span> <span class='ocrx_word' id='word_1_288' title='bbox 1035 3824 1132 3877; x_wconf 88' lang='lat' dir='ltr'>solum</span> <span class='ocrx_word' id='word_1_289' title='bbox 1152 3822 1276 3877; x_wconf 91' lang='lat' dir='ltr'>ostendo</span> <span class='ocrx_word' id='word_1_290' title='bbox 1299 3822 1377 3877; x_wconf 90' lang='lat' dir='ltr'>istud</span> <span class='ocrx_word' id='word_1_291' title='bbox 1400 3834 1517 3894; x_wconf 88' lang='lat' dir='ltr'>propter</span> <span class='ocrx_word' id='word_1_292' title='bbox 1540 3838 1634 3877; x_wconf 91' lang='lat' dir='ltr'>meam</span> <span class='ocrx_word' id='word_1_293' title='bbox 1658 3822 1849 3877; x_wconf 87' lang='lat' dir='ltr'>intentionem</span> <span class='ocrx_word' id='word_1_294' title='bbox 1876 3822 1932 3886; x_wconf 90' lang='lat' dir='ltr'>hic,</span> <span class='ocrx_word' id='word_1_295' title='bbox 1956 3822 2005 3876; x_wconf 89' lang='lat' dir='ltr'>sed</span> 
     </span>
     <span class='ocr_line' id='line_1_29' title="bbox 671 3910 2005 3983; baseline -0.001 -18"><span class='ocrx_word' id='word_1_296' title='bbox 671 3924 787 3983; x_wconf 90' lang='lat' dir='ltr'>propter</span> <span class='ocrx_word' id='word_1_297' title='bbox 805 3912 1024 3967; x_wconf 87' lang='lat' dir='ltr'>evacuationem</span> <span class='ocrx_word' id='word_1_298' title='bbox 1044 3913 1134 3966; x_wconf 92' lang='lat' dir='ltr'>unius</span> <span class='ocrx_word' id='word_1_299' title='bbox 1153 3911 1272 3966; x_wconf 84' lang='lat' dir='ltr'>maximi</span> <span class='ocrx_word' id='word_1_300' title='bbox 1292 3912 1395 3967; x_wconf 89' lang='lat' dir='ltr'>erroris</span> <span class='ocrx_word' id='word_1_301' title='bbox 1416 3912 1467 3983; x_wconf 91' lang='lat' dir='ltr'>qui</span> <span class='ocrx_word' id='word_1_302' title='bbox 1489 3913 1526 3967; x_wconf 92' lang='lat' dir='ltr'>sit</span> <span class='ocrx_word' id='word_1_303' title='bbox 1546 3912 1575 3966; x_wconf 91' lang='lat' dir='ltr'>in</span> <span class='ocrx_word' id='word_1_304' title='bbox 1597 3912 1743 3982; x_wconf 90' lang='lat' dir='ltr'>theologia</span> <span class='ocrx_word' id='word_1_305' title='bbox 1760 3924 1788 3966; x_wconf 93' lang='lat' dir='ltr'>et</span> <span class='ocrx_word' id='word_1_306' title='bbox 1809 3910 2005 3982; x_wconf 90' lang='lat' dir='ltr'>philosophia.</span> 
     </span>
     <span class='ocr_line' id='line_1_30' title="bbox 671 4000 2007 4072; baseline -0.001 -16"><span class='ocrx_word' id='word_1_307' title='bbox 671 4002 746 4056; x_wconf 90' lang='lat' dir='ltr'>Nam</span> <span class='ocrx_word' id='word_1_308' title='bbox 765 4018 868 4057; x_wconf 90' lang='lat' dir='ltr'>omnes</span> <span class='ocrx_word' id='word_1_309' title='bbox 889 4001 1023 4057; x_wconf 87' lang='lat' dir='ltr'>moderni</span> <span class='ocrx_word' id='word_1_310' title='bbox 1044 4001 1147 4057; x_wconf 88' lang='lat' dir='ltr'>dicunt</span> <span class='ocrx_word' id='word_1_311' title='bbox 1166 4001 1247 4072; x_wconf 91' lang='lat' dir='ltr'>quod</span> <span class='ocrx_word' id='word_1_312' title='bbox 1270 4001 1433 4057; x_wconf 85' lang='lat' dir='ltr'>intellectus</span> <span class='ocrx_word' id='word_1_313' title='bbox 1453 4018 1541 4071; x_wconf 88' lang='lat' dir='ltr'>agens</span> <span class='ocrx_word' id='word_1_314' title='bbox 1562 4002 1591 4056; x_wconf 93' lang='lat' dir='ltr'>in</span> <span class='ocrx_word' id='word_1_315' title='bbox 1612 4001 1725 4056; x_wconf 86' lang='lat' dir='ltr'>animas</span> <span class='ocrx_word' id='word_1_316' title='bbox 1746 4012 1871 4066; x_wconf 88' lang='lat' dir='ltr'>nostras,</span> <span class='ocrx_word' id='word_1_317' title='bbox 1893 4010 1923 4056; x_wconf 84' lang='lat' dir='ltr'>et</span> <span class='ocrx_word' id='word_1_318' title='bbox 1943 4000 2007 4054; x_wconf 90' lang='lat' dir='ltr'>illu-</span> 
     </span>
     <span class='ocr_line' id='line_1_31' title="bbox 672 4089 2007 4162; baseline -0.001 -18"><span class='ocrx_word' id='word_1_319' title='bbox 672 4091 788 4146; x_wconf 87' lang='lat' dir='ltr'>minans</span> <span class='ocrx_word' id='word_1_320' title='bbox 806 4107 853 4146; x_wconf 88' lang='lat' dir='ltr'>eas</span> <span class='ocrx_word' id='word_1_321' title='bbox 871 4102 913 4146; x_wconf 91' lang='lat' dir='ltr'>est</span> <span class='ocrx_word' id='word_1_322' title='bbox 933 4107 998 4162; x_wconf 89' lang='lat' dir='ltr'>pars</span> <span class='ocrx_word' id='word_1_323' title='bbox 1016 4091 1140 4156; x_wconf 90' lang='lat' dir='ltr'>animae,</span> <span class='ocrx_word' id='word_1_324' title='bbox 1161 4091 1199 4145; x_wconf 92' lang='lat' dir='ltr'>ita</span> <span class='ocrx_word' id='word_1_325' title='bbox 1217 4090 1298 4161; x_wconf 93' lang='lat' dir='ltr'>quod</span> <span class='ocrx_word' id='word_1_326' title='bbox 1319 4090 1348 4145; x_wconf 89' lang='lat' dir='ltr'>in</span> <span class='ocrx_word' id='word_1_327' title='bbox 1369 4091 1466 4146; x_wconf 89' lang='lat' dir='ltr'>anima</span> <span class='ocrx_word' id='word_1_328' title='bbox 1485 4103 1556 4146; x_wconf 91' lang='lat' dir='ltr'>sunt</span> <span class='ocrx_word' id='word_1_329' title='bbox 1574 4091 1648 4146; x_wconf 91' lang='lat' dir='ltr'>duae</span> <span class='ocrx_word' id='word_1_330' title='bbox 1667 4102 1771 4162; x_wconf 91' lang='lat' dir='ltr'>partes,</span> <span class='ocrx_word' id='word_1_331' title='bbox 1792 4105 1879 4159; x_wconf 88' lang='lat' dir='ltr'>agens</span> <span class='ocrx_word' id='word_1_332' title='bbox 1898 4089 2007 4144; x_wconf 89' lang='lat' dir='ltr'>scilicet</span> 
     </span>
     <span class='ocr_line' id='line_1_32' title="bbox 670 4178 2007 4251; baseline 0 -17"><span class='ocrx_word' id='word_1_333' title='bbox 670 4193 698 4235; x_wconf 89' lang='lat' dir='ltr'>et</span> <span class='ocrx_word' id='word_1_334' title='bbox 717 4179 873 4251; x_wconf 86' lang='lat' dir='ltr'>possibilis,</span> <span class='ocrx_word' id='word_1_335' title='bbox 893 4192 921 4235; x_wconf 91' lang='lat' dir='ltr'>et</span> <span class='ocrx_word' id='word_1_336' title='bbox 940 4181 1102 4236; x_wconf 85' lang='lat' dir='ltr'>intellectus</span> <span class='ocrx_word' id='word_1_337' title='bbox 1121 4180 1269 4251; x_wconf 88' lang='lat' dir='ltr'>possibilis</span> <span class='ocrx_word' id='word_1_338' title='bbox 1284 4192 1405 4235; x_wconf 87' lang='lat' dir='ltr'>vocatur</span> <span class='ocrx_word' id='word_1_339' title='bbox 1423 4181 1474 4250; x_wconf 92' lang='lat' dir='ltr'>qui</span> <span class='ocrx_word' id='word_1_340' title='bbox 1492 4192 1534 4235; x_wconf 86' lang='lat' dir='ltr'>est</span> <span class='ocrx_word' id='word_1_341' title='bbox 1552 4180 1581 4234; x_wconf 92' lang='lat' dir='ltr'>in</span> <span class='ocrx_word' id='word_1_342' title='bbox 1601 4179 1731 4251; x_wconf 88' lang='lat' dir='ltr'>potentia</span> <span class='ocrx_word' id='word_1_343' title='bbox 1748 4179 1784 4234; x_wconf 90' lang='lat' dir='ltr'>ad</span> <span class='ocrx_word' id='word_1_344' title='bbox 1801 4178 1963 4245; x_wconf 87' lang='lat' dir='ltr'>scientiam,</span> <span class='ocrx_word' id='word_1_345' title='bbox 1980 4190 2007 4234; x_wconf 87' lang='lat' dir='ltr'>et</span> 
     </span>
     <span class='ocr_line' id='line_1_33' title="bbox 671 4267 2008 4341; baseline -0.001 -17"><span class='ocrx_word' id='word_1_346' title='bbox 671 4286 730 4324; x_wconf 89' lang='lat' dir='ltr'>non</span> <span class='ocrx_word' id='word_1_347' title='bbox 750 4270 836 4324; x_wconf 89' lang='lat' dir='ltr'>habet</span> <span class='ocrx_word' id='word_1_348' title='bbox 853 4285 916 4324; x_wconf 85' lang='lat' dir='ltr'>earn</span> <span class='ocrx_word' id='word_1_349' title='bbox 936 4270 972 4324; x_wconf 89' lang='lat' dir='ltr'>de</span> <span class='ocrx_word' id='word_1_350' title='bbox 991 4285 1036 4334; x_wconf 90' lang='lat' dir='ltr'>se;</span> <span class='ocrx_word' id='word_1_351' title='bbox 1056 4270 1106 4325; x_wconf 86' lang='lat' dir='ltr'>sed</span> <span class='ocrx_word' id='word_1_352' title='bbox 1125 4270 1246 4339; x_wconf 91' lang='lat' dir='ltr'>quando</span> <span class='ocrx_word' id='word_1_353' title='bbox 1265 4269 1366 4341; x_wconf 89' lang='lat' dir='ltr'>recipit</span> <span class='ocrx_word' id='word_1_354' title='bbox 1384 4271 1492 4341; x_wconf 87' lang='lat' dir='ltr'>species</span> <span class='ocrx_word' id='word_1_355' title='bbox 1511 4285 1618 4334; x_wconf 90' lang='lat' dir='ltr'>rerum,</span> <span class='ocrx_word' id='word_1_356' title='bbox 1635 4281 1663 4324; x_wconf 94' lang='lat' dir='ltr'>et</span> <span class='ocrx_word' id='word_1_357' title='bbox 1678 4284 1765 4339; x_wconf 87' lang='lat' dir='ltr'>agens</span> <span class='ocrx_word' id='word_1_358' title='bbox 1783 4268 1880 4324; x_wconf 86' lang='lat' dir='ltr'>influit</span> <span class='ocrx_word' id='word_1_359' title='bbox 1897 4280 1925 4323; x_wconf 91' lang='lat' dir='ltr'>et</span> <span class='ocrx_word' id='word_1_360' title='bbox 1943 4267 2008 4323; x_wconf 92' lang='lat' dir='ltr'>illu·</span> 
     </span>
     <span class='ocr_line' id='line_1_34' title="bbox 671 4357 2008 4431; baseline 0 -19"><span class='ocrx_word' id='word_1_361' title='bbox 671 4359 763 4414; x_wconf 89' lang='lat' dir='ltr'>minat</span> <span class='ocrx_word' id='word_1_362' title='bbox 785 4359 894 4431; x_wconf 90' lang='lat' dir='ltr'>ipsum,</span> <span class='ocrx_word' id='word_1_363' title='bbox 918 4370 990 4414; x_wconf 90' lang='lat' dir='ltr'>tunc</span> <span class='ocrx_word' id='word_1_364' title='bbox 1013 4358 1143 4414; x_wconf 86' lang='lat' dir='ltr'>nascitur</span> <span class='ocrx_word' id='word_1_365' title='bbox 1165 4358 1286 4414; x_wconf 89' lang='lat' dir='ltr'>scientia</span> <span class='ocrx_word' id='word_1_366' title='bbox 1308 4358 1338 4413; x_wconf 95' lang='lat' dir='ltr'>in</span> <span class='ocrx_word' id='word_1_367' title='bbox 1360 4374 1411 4422; x_wconf 89' lang='lat' dir='ltr'>eo;</span> <span class='ocrx_word' id='word_1_368' title='bbox 1433 4371 1461 4413; x_wconf 89' lang='lat' dir='ltr'>et</span> <span class='ocrx_word' id='word_1_369' title='bbox 1483 4360 1538 4413; x_wconf 88' lang='lat' dir='ltr'>hoc</span> <span class='ocrx_word' id='word_1_370' title='bbox 1558 4370 1601 4413; x_wconf 90' lang='lat' dir='ltr'>est</span> <span class='ocrx_word' id='word_1_371' title='bbox 1620 4374 1732 4414; x_wconf 90' lang='lat' dir='ltr'>verum.</span> <span class='ocrx_word' id='word_1_372' title='bbox 1756 4358 1811 4412; x_wconf 91' lang='lat' dir='ltr'>Sed</span> <span class='ocrx_word' id='word_1_373' title='bbox 1836 4357 1943 4412; x_wconf 88' lang='lat' dir='ltr'>falsum</span> <span class='ocrx_word' id='word_1_374' title='bbox 1964 4370 2008 4412; x_wconf 85' lang='lat' dir='ltr'>est</span> 
     </span>
     <span class='ocr_line' id='line_1_35' title="bbox 670 4446 2006 4520; baseline -0.001 -18"><span class='ocrx_word' id='word_1_375' title='bbox 670 4448 750 4520; x_wconf 91' lang='lat' dir='ltr'>quod</span> <span class='ocrx_word' id='word_1_376' title='bbox 767 4464 855 4518; x_wconf 86' lang='lat' dir='ltr'>agens</span> <span class='ocrx_word' id='word_1_377' title='bbox 874 4448 910 4504; x_wconf 89' lang='lat' dir='ltr'>sit</span> <span class='ocrx_word' id='word_1_378' title='bbox 929 4465 994 4520; x_wconf 89' lang='lat' dir='ltr'>pars</span> <span class='ocrx_word' id='word_1_379' title='bbox 1014 4448 1137 4503; x_wconf 90' lang='lat' dir='ltr'>animae.</span> <span class='ocrx_word' id='word_1_380' title='bbox 1156 4448 1229 4502; x_wconf 89' lang='lat' dir='ltr'>Nam</span> <span class='ocrx_word' id='word_1_381' title='bbox 1252 4450 1307 4503; x_wconf 89' lang='lat' dir='ltr'>hoc</span> <span class='ocrx_word' id='word_1_382' title='bbox 1325 4461 1368 4504; x_wconf 88' lang='lat' dir='ltr'>est</span> <span class='ocrx_word' id='word_1_383' title='bbox 1387 4448 1503 4520; x_wconf 89' lang='lat' dir='ltr'>penitus</span> <span class='ocrx_word' id='word_1_384' title='bbox 1523 4448 1714 4519; x_wconf 91' lang='lat' dir='ltr'>impossibile,</span> <span class='ocrx_word' id='word_1_385' title='bbox 1731 4447 1807 4502; x_wconf 89' lang='lat' dir='ltr'>sicut</span> <span class='ocrx_word' id='word_1_386' title='bbox 1827 4447 1866 4502; x_wconf 90' lang='lat' dir='ltr'>ihi</span> <span class='ocrx_word' id='word_1_387' title='bbox 1882 4446 2006 4502; x_wconf 89' lang='lat' dir='ltr'>ostendo</span> 
     </span>
     <span class='ocr_line' id='line_1_36' title="bbox 671 4535 2006 4609; baseline -0.001 -17"><span class='ocrx_word' id='word_1_388' title='bbox 671 4554 720 4609; x_wconf 91' lang='lat' dir='ltr'>per</span> <span class='ocrx_word' id='word_1_389' title='bbox 734 4538 920 4593; x_wconf 89' lang='lat' dir='ltr'>auctoritates</span> <span class='ocrx_word' id='word_1_390' title='bbox 935 4550 962 4592; x_wconf 91' lang='lat' dir='ltr'>et</span> <span class='ocrx_word' id='word_1_391' title='bbox 977 4537 1103 4593; x_wconf 88' lang='lat' dir='ltr'>rationes</span> <span class='ocrx_word' id='word_1_392' title='bbox 1119 4538 1306 4592; x_wconf 85' lang='lat' dir='ltr'>sufficientes.</span> <span class='ocrx_word' id='word_1_393' title='bbox 1327 4537 1359 4591; x_wconf 86' lang='lat' dir='ltr'>Et</span> <span class='ocrx_word' id='word_1_394' title='bbox 1375 4553 1479 4592; x_wconf 91' lang='lat' dir='ltr'>omnes</span> <span class='ocrx_word' id='word_1_395' title='bbox 1495 4537 1637 4608; x_wconf 90' lang='lat' dir='ltr'>sapientes</span> <span class='ocrx_word' id='word_1_396' title='bbox 1652 4536 1777 4607; x_wconf 88' lang='lat' dir='ltr'>antiqui,</span> <span class='ocrx_word' id='word_1_397' title='bbox 1795 4536 1887 4607; x_wconf 89' lang='lat' dir='ltr'>etqui</span> <span class='ocrx_word' id='word_1_398' title='bbox 1909 4535 2006 4591; x_wconf 86' lang='lat' dir='ltr'>adhuc</span> 
     </span>
     <span class='ocr_line' id='line_1_37' title="bbox 670 4624 2007 4699; baseline -0.001 -18"><span class='ocrx_word' id='word_1_399' title='bbox 670 4640 841 4682; x_wconf 88' lang='lat' dir='ltr'>manserunt</span> <span class='ocrx_word' id='word_1_400' title='bbox 855 4643 950 4697; x_wconf 92' lang='lat' dir='ltr'>usque</span> <span class='ocrx_word' id='word_1_401' title='bbox 963 4628 997 4681; x_wconf 90' lang='lat' dir='ltr'>ad</span> <span class='ocrx_word' id='word_1_402' title='bbox 1014 4639 1145 4699; x_wconf 87' lang='lat' dir='ltr'>tempora</span> <span class='ocrx_word' id='word_1_403' title='bbox 1158 4639 1257 4682; x_wconf 88' lang='lat' dir='ltr'>nostra</span> <span class='ocrx_word' id='word_1_404' title='bbox 1269 4627 1407 4682; x_wconf 79' lang='lat' dir='ltr'>dixerunt</span> <span class='ocrx_word' id='word_1_405' title='bbox 1418 4627 1499 4697; x_wconf 92' lang='lat' dir='ltr'>quod</span> <span class='ocrx_word' id='word_1_406' title='bbox 1515 4626 1569 4682; x_wconf 84' lang='lat' dir='ltr'>suit</span> <span class='ocrx_word' id='word_1_407' title='bbox 1583 4626 1669 4681; x_wconf 90' lang='lat' dir='ltr'>Deus.</span> <span class='ocrx_word' id='word_1_408' title='bbox 1687 4627 1807 4693; x_wconf 88' lang='lat' dir='ltr'>Brewer,</span> <span class='ocrx_word' id='word_1_409' title='bbox 1822 4626 1874 4680; x_wconf 88' lang='lat' dir='ltr'>Fr.</span> <span class='ocrx_word' id='word_1_410' title='bbox 1890 4624 2007 4697; x_wconf 86' lang='lat' dir='ltr'>Rogeri</span> 
     </span>
     <span class='ocr_line' id='line_1_38' title="bbox 671 4715 1305 4788; baseline -0.002 -18"><span class='ocrx_word' id='word_1_411' title='bbox 671 4716 782 4781; x_wconf 82' lang='lat' dir='ltr'>Bucon,</span> <span class='ocrx_word' id='word_1_412' title='bbox 801 4715 898 4787; x_wconf 83' lang='lat' dir='ltr'>Opera</span> <span class='ocrx_word' id='word_1_413' title='bbox 914 4717 1057 4787; x_wconf 81' lang='lat' dir='ltr'>quaedam</span> <span class='ocrx_word' id='word_1_414' title='bbox 1075 4716 1200 4782; x_wconf 83' lang='lat' dir='ltr'>inedita,</span> <span class='ocrx_word' id='word_1_415' title='bbox 1218 4733 1245 4787; x_wconf 93' lang='lat' dir='ltr'>p.</span> <span class='ocrx_word' id='word_1_416' title='bbox 1263 4734 1305 4788; x_wconf 82' lang='lat'>74.</span> 
     </span>
    </p>

    <p class='ocr_par' dir='ltr' id='par_1_6' title="bbox 759 4806 1008 4878">
     <span class='ocr_line' id='line_1_39' title="bbox 759 4806 1008 4878; baseline 0.008 -21"><span class='ocrx_word' id='word_1_417' title='bbox 759 4806 769 4836; x_wconf 89' lang='lat'><strong>¹</strong></span> <span class='ocrx_word' id='word_1_418' title='bbox 792 4806 861 4878; x_wconf 87' lang='lat' dir='ltr'>Voy.</span> <span class='ocrx_word' id='word_1_419' title='bbox 880 4822 908 4877; x_wconf 94' lang='lat' dir='ltr'>p.</span> <span class='ocrx_word' id='word_1_420' title='bbox 926 4822 1008 4860; x_wconf 82' lang='lat' dir='ltr'>otxv.</span> 
     </span>
    </p>

    <p class='ocr_par' dir='ltr' id='par_1_7' title="bbox 760 4894 1333 4966">
     <span class='ocr_line' id='line_1_40' title="bbox 760 4894 1333 4966; baseline 0.002 -18"><span class='ocrx_word' id='word_1_421' title='bbox 760 4894 770 4925; x_wconf 83' lang='lat'>³</span> <span class='ocrx_word' id='word_1_422' title='bbox 792 4894 919 4965; x_wconf 82' lang='lat' dir='ltr'>ssridges,</span> <span class='ocrx_word' id='word_1_423' title='bbox 941 4894 1005 4950; x_wconf 84' lang='lat' dir='ltr'>The</span> <span class='ocrx_word' id='word_1_424' title='bbox 1021 4895 1100 4966; x_wconf 85' lang='lat' dir='ltr'>Opus</span> <span class='ocrx_word' id='word_1_425' title='bbox 1116 4895 1228 4965; x_wconf 81' lang='lat' dir='ltr'>Majus,</span> <span class='ocrx_word' id='word_1_426' title='bbox 1246 4911 1274 4966; x_wconf 88' lang='lat' dir='ltr'>p.</span> <span class='ocrx_word' id='word_1_427' title='bbox 1290 4912 1333 4965; x_wconf 83' lang='lat'>41.</span> 
     </span>
    </p>

    <p class='ocr_par' dir='ltr' id='par_1_8' title="bbox 757 4984 1364 5056">
     <span class='ocr_line' id='line_1_41' title="bbox 757 4984 1364 5056; baseline 0 -19"><span class='ocrx_word' id='word_1_428' title='bbox 757 4985 768 5015; x_wconf 84' lang='lat'><strong>⁴</strong></span> <span class='ocrx_word' id='word_1_429' title='bbox 791 4984 860 5056; x_wconf 90' lang='lat' dir='ltr'>Voy.</span> <span class='ocrx_word' id='word_1_430' title='bbox 880 5000 908 5055; x_wconf 89' lang='lat' dir='ltr'>p.</span> <span class='ocrx_word' id='word_1_431' title='bbox 925 5001 1006 5051; x_wconf 77' lang='lat' dir='ltr'>cmv,</span> <span class='ocrx_word' id='word_1_432' title='bbox 1025 5001 1053 5038; x_wconf 89' lang='lat' dir='ltr'>n.</span> <span class='ocrx_word' id='word_1_433' title='bbox 1071 5001 1097 5050; x_wconf 84' lang='lat'>2,</span> <span class='ocrx_word' id='word_1_434' title='bbox 1115 4996 1184 5056; x_wconf 93' lang='lat' dir='ltr'>etp.</span> <span class='ocrx_word' id='word_1_435' title='bbox 1203 4984 1277 5039; x_wconf 87' lang='lat' dir='ltr'>suiv.</span> <span class='ocrx_word' id='word_1_436' title='bbox 1294 5001 1322 5038; x_wconf 90' lang='lat' dir='ltr'>n.</span> <span class='ocrx_word' id='word_1_437' title='bbox 1342 5001 1364 5037; x_wconf 87' lang='lat' dir='ltr'>r.</span> 
     </span>
    </p>

    <p class='ocr_par' dir='ltr' id='par_1_9' title="bbox 671 5072 2005 5236">
     <span class='ocr_line' id='line_1_42' title="bbox 759 5072 2005 5146; baseline 0.001 -19"><span class='ocrx_word' id='word_1_438' title='bbox 759 5072 770 5104; x_wconf 81' lang='lat'><em>⁶</em></span> <span class='ocrx_word' id='word_1_439' title='bbox 791 5074 868 5127; x_wconf 86' lang='lat' dir='ltr'>Pour</span> <span class='ocrx_word' id='word_1_440' title='bbox 887 5073 1044 5143; x_wconf 67' lang='lat' dir='ltr'>augustin,</span> <span class='ocrx_word' id='word_1_441' title='bbox 1067 5073 1284 5129; x_wconf 88' lang='lat' dir='ltr'>l&#39;illumination</span> <span class='ocrx_word' id='word_1_442' title='bbox 1300 5073 1397 5128; x_wconf 89' lang='lat' dir='ltr'>divine</span> <span class='ocrx_word' id='word_1_443' title='bbox 1412 5073 1448 5128; x_wconf 92' lang='lat' dir='ltr'>de</span> <span class='ocrx_word' id='word_1_444' title='bbox 1468 5073 1667 5145; x_wconf 85' lang='lat' dir='ltr'>l&#39;intelligence</span> <span class='ocrx_word' id='word_1_445' title='bbox 1688 5075 1760 5130; x_wconf 88' lang='lat' dir='ltr'>n’est</span> <span class='ocrx_word' id='word_1_446' title='bbox 1780 5090 1831 5146; x_wconf 88' lang='lat' dir='ltr'>pas</span> <span class='ocrx_word' id='word_1_447' title='bbox 1852 5091 1910 5130; x_wconf 91' lang='lat' dir='ltr'>une</span> <span class='ocrx_word' id='word_1_448' title='bbox 1930 5075 2005 5129; x_wconf 74' lang='lat' dir='ltr'>reve-</span> 
     </span>
     <span class='ocr_line' id='line_1_43' title="bbox 671 5160 2005 5236; baseline 0.003 -21"><span class='ocrx_word' id='word_1_449' title='bbox 671 5160 760 5216; x_wconf 91' lang='lat' dir='ltr'>lation</span> <span class='ocrx_word' id='word_1_450' title='bbox 783 5174 970 5233; x_wconf 86' lang='lat' dir='ltr'>proprement</span> <span class='ocrx_word' id='word_1_451' title='bbox 989 5162 1058 5228; x_wconf 92' lang='lat' dir='ltr'>dite,</span> <span class='ocrx_word' id='word_1_452' title='bbox 1082 5162 1154 5218; x_wconf 87' lang='lat' dir='ltr'>mais</span> <span class='ocrx_word' id='word_1_453' title='bbox 1175 5164 1200 5218; x_wconf 91' lang='lat' dir='ltr'>le</span> <span class='ocrx_word' id='word_1_454' title='bbox 1221 5178 1326 5234; x_wconf 79' lang='lat' dir='ltr'>moyen</span> <span class='ocrx_word' id='word_1_455' title='bbox 1347 5165 1518 5219; x_wconf 89' lang='lat' dir='ltr'>connaturel</span> <span class='ocrx_word' id='word_1_456' title='bbox 1540 5180 1591 5236; x_wconf 86' lang='lat' dir='ltr'>par</span> <span class='ocrx_word' id='word_1_457' title='bbox 1614 5164 1707 5235; x_wconf 91' lang='lat' dir='ltr'>lequel</span> <span class='ocrx_word' id='word_1_458' title='bbox 1731 5165 1814 5219; x_wconf 81' lang='lat' dir='ltr'>l&#39;ame</span> <span class='ocrx_word' id='word_1_459' title='bbox 1835 5164 1943 5236; x_wconf 77' lang='lat' dir='ltr'>perqoit</span> <span class='ocrx_word' id='word_1_460' title='bbox 1967 5165 2005 5219; x_wconf 89' lang='lat' dir='ltr'>les</span> 
     </span>
    </p>
   </div>
   <div class='ocr_carea' id='block_1_4' title="bbox 0 0 2444 6546">
    <p class='ocr_par' dir='ltr' id='par_1_10' title="bbox 0 0 2444 6546">
     <span class='ocr_line' id='line_1_44' title="bbox 0 0 2444 6546; baseline 0 0"><span class='ocrx_word' id='word_1_461' title='bbox 0 0 2444 6546; x_wconf 95' lang='lat' dir='ltr'> </span> 
     </span>
    </p>
   </div>
  </div>
 </body>
</html>
