4872 6552
498 2260 581 2343 [stu
607 2260 669 2325 col.
697 2261 741 2344 a.]
774 2261 941 2344 Incipiunt
969 2262 1154 2343 questiones
1184 2260 1346 2325 naturales
1374 2260 1523 2324 ordinate
1550 2279 1569 2321 a
1598 2260 1750 2342 magistro

417 2387 529 2451 sygero
555 2367 595 2431 dc
621 2367 806 2431 brabancia.

1062 2741 1101 2825 [Ι]

496 3008 709 3092 [D]ubitant¹
729 3007 883 3072 nonnulli
903 3021 1013 3072 utrum
1037 3007 1142 3072 forma
1161 3006 1277 3091 speciei
1297 3007 1338 3071 sit
1356 3009 1536 3090 composita
1552 3027 1590 3072 ex
1606 3008 1752 3090 partibus

415 3117 447 3179 in
470 3135 502 3179 re
520 3116 746 3192 existentibus,
766 3115 924 3179 ordinatis
946 3115 1126 3179 secundum
1150 3133 1326 3177 numerum
1350 3128 1380 3178 et
1401 3114 1551 3178 ordinem
1576 3115 1752 3198 predicabi-
1782 3131 1795 3176 s

414 3222 497 3287 lium
519 3224 552 3285 in
568 3223 703 3306 quidde
722 3223 826 3305 specie
845 3222 897 3285 uel
918 3222 1092 3285 indiuiduo
1112 3222 1241 3304 speciei,
1262 3235 1390 3304 propter
1404 3222 1492 3305 quod
1508 3222 1547 3285 de
1567 3221 1629 3285 hoc
1648 3223 1750 3286 consi-

414 3330 596 3394 derandum
620 3344 650 3393 et
671 3329 905 3394 attendendum
928 3329 1015 3413 quod
1038 3328 1183 3392 eiusdem
1207 3329 1388 3413 questionis
1410 3342 1488 3393 sunt
1511 3328 1651 3394 formam
1674 3334 1686 3372 ²
1708 3331 1753 3393 sic

414 3458 483 3501 esse
500 3438 716 3519 compositam
736 3456 774 3499 ex
796 3436 957 3519 pluribus,
976 3449 1007 3498 et
1025 3434 1247 3499 differenciam
1268 3436 1385 3499 addere
1406 3435 1550 3518 aliquam
1574 3437 1751 3500 essenciam

414 3545 454 3608 ad
470 3545 611 3608 formam
625 3544 764 3627 generis,
777 3559 807 3607 et
822 3543 990 3606 materiam
1008 3544 1148 3625 primam
1165 3543 1226 3606 sub
1241 3544 1351 3626 aliqua
1366 3542 1472 3606 forma
1487 3562 1555 3607 esse
1570 3543 1751 3607 subiectum

413 3651 647 3734 generacionis.
1785 3682 1814 3714 ιο

496 3756 678 3821 Dicendum
696 3757 852 3839 igiturest
866 3756 1018 3839 inprimis
1032 3756 1121 3839 quod
1137 3755 1243 3821 forma
1258 3771 1552 3841 quantumcunque
1566 3756 1753 3840 imperfecta

415 3865 467 3939 sit,
485 3864 554 3947 ipsa
572 3877 620 3927 est
639 3863 819 3926 secundum
835 3881 935 3947 quam
959 3881 1007 3925 res
1026 3875 1085 3938 est,
1100 3876 1131 3926 et
1146 3883 1212 3928 non
1234 3876 1363 3927 tantum
1384 3864 1566 3927 secundum
1582 3884 1682 3948 quam
1705 3884 1753 3927 res

417 3984 519 4054 potest
541 3957 620 4034 esse.
649 3970 711 4033 Cui
736 3983 766 4033 et
789 3969 976 4033 addendum
1001 3983 1048 4033 est
1069 3970 1158 4053 quod
1182 3970 1288 4034 forma
1311 3972 1436 4053 generis
1460 3991 1535 4034 cum
1561 3973 1602 4034 sit
1626 3973 1754 4035 racione

415 4079 544 4142 diuersa
559 4079 601 4142 ab
617 4092 752 4160 utraque
771 4076 1047 4152 differenciarum‚
1068 4078 1094 4140 si
1117 4078 1158 4140 sit
1180 4079 1212 4139 in
1236 4077 1372 4141 essendo
1394 4078 1435 4141 ab
1457 4080 1503 4142 eis
1522 4077 1650 4142 diuersa
1672 4079 1755 4142 sicut

415 4200 446 4249 et
465 4186 606 4261 racione,
627 4199 706 4248 tunc
725 4183 832 4249 forma
850 4185 976 4267 generis
995 4197 1026 4248 et
1045 4182 1149 4248 forma
1165 4183 1363 4260 differencie‚
1383 4205 1458 4248 cum
1480 4186 1546 4248 sint
1560 4185 1627 4248 duo
1646 4198 1677 4249 et
1691 4186 1755 4249 due
1786 4205 1815 4251 15

416 4291 520 4356 forme
538 4306 624 4368 actu,
644 4292 773 4355 diuersa
791 4304 881 4367 sunt,
900 4303 932 4354 et
951 4303 1111 4374 peractus
1130 4291 1390 4374 distinguuntur.

497 4398 568 4462 Istis
588 4400 776 4483 suppositis,
792 4400 838 4461 sic
851 4399 996 4481 arguitur
1011 4397 1100 4481 quod
1119 4411 1231 4462 contra
1252 4400 1409 4463 rationem
1432 4399 1536 4463 forme
1556 4401 1597 4463 sit
1611 4400 1699 4483 quod
1714 4402 1755 4465 sit

415 4507 595 4588 composita
615 4525 653 4569 ex
674 4505 824 4588 pluribus
844 4506 1002 4588 partibus,
1022 4505 1106 4569 sicut
1125 4505 1230 4588 arguit
1248 4506 1436 4582 aristoteles,
1456 4507 1518 4589 vij⁰
1533 4506 1754 4589 metaphisice‚

415 4615 492 4697 quia
506 4614 532 4677 si
548 4633 586 4676 ex
603 4612 751 4696 pluribus
766 4612 860 4676 debet
879 4632 947 4677 esse
965 4613 1100 4697 aliquod
1120 4633 1178 4676 ens
1193 4626 1223 4676 et
1237 4612 1370 4696 aliquod
1387 4633 1490 4676 vnum
1507 4627 1536 4677 et
1552 4634 1619 4677 non
1635 4613 1755 4677 debent

415 4740 484 4784 esse
503 4720 558 4784 illa
578 4720 682 4804 plura,
703 4722 785 4784 sicut
804 4740 952 4795 aceruus,
972 4733 1097 4802 oportet
1117 4720 1206 4803 quod
1227 4719 1352 4803 aliquid
1372 4721 1413 4783 sit
1432 4720 1548 4784 vniens
1571 4720 1625 4784 illa
1648 4720 1753 4803 plura,
1784 4752 1816 4784 20

416 4847 513 4891 causa
534 4827 660 4890 essendi
683 4841 713 4891 et
735 4828 867 4891 unitatis
888 4846 1016 4903 eorum,
1038 4841 1069 4891 et
1092 4827 1123 4890 id
1145 4828 1204 4891 erit
1226 4826 1343 4891 forma.
1370 4827 1467 4907 Quod
1489 4827 1516 4890 si
1539 4829 1650 4892 iterato
1673 4827 1754 4892 illud

417 4935 459 4998 sit
483 4935 701 5017 compositum
727 4937 740 4977 ⁸
762 4954 801 4997 ex
828 4934 987 5017 pluribus,
1012 4934 1126 4997 eodem
1155 4933 1253 4998 modo
1279 4947 1442 5017 arguetur,
1468 4947 1498 4997 et
1524 4935 1557 4996 in
1585 4934 1754 4998 inlinitum

907 5090 919 5115 Ο

502 5159 510 5191 ¹
526 5159 571 5217 ills
584 5182 618 5200 =
633 5157 796 5217 dubitatur.
819 5189 850 5199 -
872 5158 883 5190 ¹
902 5159 947 5217 llls
960 5184 995 5204 :2
1009 5158 1104 5215 lorma
1118 5170 1198 5215 sunt.
1219 5189 1253 5199 —
1274 5159 1285 5191 ⁸
1303 5159 1349 5214 llls
1361 5184 1397 5204 =
1410 5174 1594 5232 corporeum.
