4872 6552
985 915 1190 999 „43-

422 1099 540 1164 lectum
560 1099 746 1164 constituat.
769 1098 918 1164 Eundem
938 1100 1027 1165 enim
1048 1100 1246 1167 intellectum
1266 1103 1434 1168 constituit
1447 1115 1527 1168 ωηο
1541 1102 1662 1181 solum,
1678 1124 1753 1169 cum

421 1206 565 1271 eiusdem
587 1206 784 1271 intellectum
807 1207 985 1271 constituit.
1008 1207 1054 1272 Re
1072 1221 1181 1299 autem
1204 1210 1358 1274 existente
1379 1223 1409 1274 et
1429 1230 1496 1274 non
1516 1211 1671 1275 existente
1687 1231 1754 1275 non

422 1313 550 1378 uidetur
564 1312 709 1377 eiusdem
730 1313 910 1377 intellectus
925 1302 1089 1378 constitui.
1107 1316 1193 1396 Quia
1209 1318 1278 1400 ipsa
1294 1336 1360 1380 ηοη
1376 1318 1530 1381 existente
1548 1319 1756 1382 constituitur

422 1421 603 1485 intellectus
631 1421 715 1484 entis
744 1420 924 1485 secundum
959 1423 1121 1506 racionem
1156 1437 1187 1487 et
1220 1437 1363 1487 mentem
1396 1437 1551 1502 tantum;
1581 1445 1614 1488 re
1645 1439 1753 1488 autem

420 1530 576 1593 existente
595 1528 804 1592 constituitur
828 1528 1008 1592 intellectus
1026 1531 1122 1606 entis,
1142 1532 1199 1595 etsi
1222 1551 1315 1595 mens
1334 1550 1400 1594 non
1417 1544 1509 1595 esset.
1531 1531 1628 1595 Talia
1646 1547 1754 1596 autem
1784 1550 1797 1595 5

421 1636 487 1700 duo
503 1655 570 1699 non
586 1649 663 1699 sunt
677 1634 802 1699 eadem.
824 1634 922 1715 Quod
937 1637 963 1698 si
980 1638 992 1679 1
1007 1637 1041 1700 in
1058 1656 1089 1700 re
1104 1638 1259 1702 existente
1273 1650 1303 1701 et
1318 1657 1385 1701 non
1401 1640 1556 1703 existente
1571 1658 1626 1722 per
1641 1658 1754 1711 uocem

421 1762 489 1807 non
508 1743 716 1806 constituitur
736 1741 917 1805 intellectus
935 1742 1093 1820 eiusdem,
1114 1756 1193 1807 tunc
1213 1763 1272 1808 nec
1291 1745 1472 1809 intellectus
1492 1745 1589 1809 idem.
1610 1745 1708 1826 Quod
1729 1746 1755 1809 si

421 1869 479 1914 nec
501 1849 681 1913 intellectus
700 1848 799 1924 idern,
815 1860 894 1912 tunc
914 1868 971 1913 nec
991 1870 1056 1913 uox
1071 1851 1231 1934 significat
1250 1851 1348 1915 idem.
1369 1853 1499 1932 Quibus
1513 1866 1664 1917 oretenus
1678 1867 1756 1917 ωηο

420 1956 663 2039 respondimus,
683 1968 714 2020 et
733 1955 842 2020 adhuc
857 1956 1091 2040 respondemus
1106 1958 1206 2042 quod,
1223 1960 1305 2023 sicut
1327 1960 1553 2024 uniuersaliter
1567 1960 1754 2037 aristoteles,

420 2064 617 2129 abeuntibus
641 2062 850 2127 sensibilibus
874 2084 930 2127 seu
955 2067 1125 2148 corruptis,
1151 2081 1286 2131 manent
1311 2086 1423 2131 eorum
1451 2065 1587 2131 fantasie
1609 2082 1640 2132 et
1663 2067 1756 2131 intel·
1788 2099 1816 2130 ιο

420 2173 520 2236 lectus
543 2171 656 2235 eciam.
683 2170 781 2250 Quod
805 2171 830 2233 si
857 2171 942 2235 idem
966 2186 1077 2236 manet
1098 2172 1290 2251 intellectus,
1314 2194 1347 2237 re
1367 2175 1521 2239 existente
1541 2187 1571 2238 et
1592 2187 1754 2258 corrupta,

421 2280 506 2343 idem
528 2278 708 2342 intellectus
728 2297 783 2363 per
798 2297 912 2342 uocem
933 2281 1085 2343 constitui
1108 2293 1222 2363 potest,
1239 2301 1271 2345 re
1285 2283 1439 2345 existente
1458 2295 1488 2345 et
1506 2296 1667 2365 corrupta.
1691 2281 1754 2345 Sed

421 2407 485 2451 uox
499 2386 701 2450 constituens
716 2385 857 2449 eundem
880 2386 1077 2452 intellectum
1099 2387 1185 2451 idem
1208 2388 1380 2471 significat,
1398 2390 1440 2452 ita
1462 2388 1550 2472 quod
1573 2388 1752 2452 secundum

421 2493 482 2557 hoc
508 2495 612 2576 ipsam
640 2511 753 2556 uocem
781 2492 963 2575 significare
988 2494 1087 2571 idem,
1113 2515 1146 2559 re
1168 2496 1323 2560 existente
1346 2509 1376 2560 et
1401 2515 1467 2559 non
1494 2498 1661 2573 existente,
1686 2480 1756 2560 non

420 2600 552 2683 requirit
580 2600 683 2682 ipsius
711 2599 755 2662 rei
785 2600 818 2661 in
847 2619 916 2663 esse
944 2620 1003 2663 suo
1031 2600 1294 2685 ydemptitatem,
1321 2605 1404 2667 sicut
1432 2623 1536 2686 neque
1561 2602 1755 2687 ydemptitas
1787 2624 1815 2668 15

421 2707 618 2783 intellectus,
645 2705 699 2770 sed
728 2705 862 2782 sufficit,
890 2708 930 2770 ad
960 2709 1050 2771 uocis
1078 2709 1352 2792 significacionem
1382 2731 1482 2774 unam
1510 2724 1540 2774 et
1565 2711 1753 2788 vniuocam,

419 2816 527 2878 vnitas
546 2828 577 2878 et
595 2813 789 2897 ydemptitas
811 2815 866 2890 rei,
887 2814 1067 2879 secundum
1089 2816 1363 2899 significacionem
1385 2837 1439 2882 seu
1462 2818 1672 2881 intellectum.

501 2921 539 2986 Et
562 2921 650 3004 quod
674 2920 792 2985 dicitur
813 2921 901 3005 quod
925 2922 1105 2987 intellectus
1127 2926 1323 2989 constitutus
1346 2945 1401 3009 per
1422 2945 1536 2989 uocem
1562 2944 1629 2989 non
1653 2938 1755 3009 potest

419 3048 488 3093 esse
510 3028 595 3093 idem
620 3029 682 3092 nisi
705 3030 746 3092 sit
767 3028 930 3105 eiusdem,
953 3031 979 3093 si
1003 3030 1200 3114 intelligatur
1222 3032 1284 3095 nisi
1307 3034 1349 3095 sit
1369 3031 1512 3096 eiusdem
1536 3044 1567 3096 et
1588 3033 1754 3096 retinentis

420 3156 514 3199 suam
536 3136 702 3200 entitatem
726 3150 757 3200 et
778 3136 1021 3220 ydemptitatem
1045 3138 1078 3200 in
1101 3157 1169 3202 esse
1192 3139 1343 3215 naturali,
1365 3137 1484 3202 falsum
1506 3152 1565 3216 est,
1586 3152 1621 3202 ut
1643 3140 1753 3202 uisum
1784 3172 1816 3204 20

419 3255 478 3319 est,
506 3243 589 3326 [58'⁹
614 3244 674 3307 col.
701 3243 731 3326 a]
758 3263 832 3307 cum
862 3258 991 3308 maneat
1020 3245 1201 3309 intellectus
1228 3244 1326 3322 idem,
1355 3246 1495 3309 abeunte
1521 3266 1575 3309 seu
1603 3258 1754 3329 corrupto

418 3350 576 3413 sensibili.
595 3349 692 3413 Vnde
706 3352 732 3413 si
747 3352 916 3435 corrupcio
931 3353 974 3415 rei
991 3353 1024 3415 in
1040 3371 1109 3416 esse
1124 3372 1184 3415 suo
1198 3367 1417 3435 corrumperet
1436 3372 1532 3415 suum
1555 3351 1751 3416 intellectum

419 3470 540 3520 utnon
562 3456 705 3540 amplius
727 3472 871 3522 maneret
890 3459 975 3522 idem
997 3459 1190 3537 intellectus,
1212 3458 1293 3523 bene
1312 3473 1506 3543 argueretur.
1529 3460 1626 3523 Nunc
1644 3473 1752 3524 autern

419 3584 486 3628 non
502 3577 550 3627 est
565 3565 619 3627 ita.
637 3564 732 3627 Vnde
747 3564 866 3629 sufficit
881 3566 1063 3629 intellectus
1078 3571 1090 3609 ²
1108 3565 1148 3630 ad
1166 3566 1227 3630 hoc
1243 3581 1277 3630 ut
1292 3568 1332 3630 sit
1348 3567 1432 3630 idern
1449 3566 1537 3650 quod
1553 3568 1594 3631 sit
1608 3566 1752 3631 eiusdem

419 3671 599 3735 secundum
631 3672 805 3735 racionem.
840 3672 960 3735 idcirco
988 3688 1035 3737 est
1062 3673 1243 3737 intellectus
1272 3674 1371 3749 idem,
1402 3675 1444 3738 ita
1472 3673 1560 3756 quod
1586 3675 1754 3738 diversitas
1783 3696 1814 3740 25

419 3779 561 3843 entitatis
582 3780 638 3854 rei,
654 3779 724 3861 ipsa
744 3780 899 3843 existente
918 3793 948 3843 et
966 3794 1129 3863 corrupta,
1153 3800 1219 3845 non
1240 3794 1287 3844 est
1307 3782 1368 3843 nisi
1389 3780 1557 3845 diversitas
1576 3785 1666 3865 que8
1686 3801 1752 3846 non

419 3886 561 3969 amplius
582 3885 678 3949 habet
697 3886 864 3949 entitatem
885 3888 947 3949 nisi
968 3888 1148 3951 secundum
1170 3888 1345 3951 racionem.
1369 3888 1546 3952 Diuersitas
1564 3903 1672 3953 autern
1694 3891 1753 3953 ista

418 3995 501 4057 circa
522 3993 554 4056 id
573 3994 667 4057 cuius
688 4007 735 4057 est
756 3993 948 4071 intellectus,
965 4008 1000 4058 ut
1015 3997 1121 4079 primo
1137 3995 1168 4059 id
1184 3998 1277 4059 cuius
1292 4011 1338 4061 est
1357 3995 1538 4060 intellectus
1553 4016 1585 4059 re
1600 3998 1754 4062 existente

419 4103 460 4166 sit
479 4102 548 4165 eius
567 4100 655 4184 quod
675 4114 722 4165 est
744 4122 801 4165 ens
824 4102 856 4164 in
881 4121 949 4165 esse
970 4121 1029 4165 suo
1051 4117 1080 4167 et
1102 4104 1203 4167 eciam
1226 4102 1405 4167 secundum
1429 4104 1589 4181 animam,
1611 4104 1754 4168 secundo

419 4228 496 4273 uero
521 4229 553 4273 re
575 4223 738 4293 corrupta,
764 4209 819 4272 ille
843 4209 1022 4273 intellectus
1046 4212 1087 4274 sit
1109 4213 1193 4274 entis
1217 4211 1397 4275 secundum
1423 4214 1584 4276 racionem
1609 4224 1752 4288 tanturn,
1782 4231 1814 4276 30

420 4336 486 4380 non
503 4315 578 4380 iacit
598 4315 686 4400 quod
707 4316 888 4380 intellectus
910 4317 963 4381 ille
982 4317 1095 4382 debeat
1110 4338 1178 4382 esse
1196 4318 1280 4381 alius
1299 4332 1330 4382 et
1348 4319 1432 4383 alius
1450 4339 1540 4397 cum,
1556 4320 1752 4384 abeuntibus

419 4423 644 4499 sensibilibus,
670 4442 737 4487 non
761 4436 1012 4511 corrumpantur
1035 4423 1089 4487 sed
1115 4437 1269 4487 maneant
1292 4443 1422 4501 sensus,
1448 4424 1584 4489 fantasie
1607 4438 1637 4488 et
1661 4426 1753 4489 intel-

419 4530 530 4595 lectus.
552 4530 647 4594 Vnde
670 4531 810 4595 breuiter
827 4530 1002 4595 dicendum
1024 4530 1112 4614 quod
1134 4532 1203 4595 eius
1225 4530 1312 4614 quod
1334 4546 1381 4596 est
1402 4552 1459 4596 ens
1482 4533 1516 4595 in
1538 4553 1606 4596 esse
1627 4533 1702 4596 reali
1722 4546 1754 4598 et

419 4638 600 4702 secundum
622 4640 723 4702 eciam
747 4640 908 4703 racionem
931 4640 1050 4723 primo,
1070 4638 1187 4702 deinde
1209 4659 1286 4702 uero
1305 4653 1352 4702 est
1371 4660 1429 4703 ens
1450 4640 1630 4704 secundum
1654 4642 1753 4705 racio-

420 4765 495 4809 nem
511 4760 654 4822 tantum,
671 4747 741 4830 ipso
756 4759 908 4829 corrupto
920 4760 1081 4830 quantum
1097 4746 1138 4810 ad
1154 4765 1222 4810 esse
1237 4746 1330 4823 reale,
1345 4747 1426 4810 bene
1441 4762 1488 4811 est
1503 4748 1556 4811 ille
1571 4747 1752 4812 intellectus
1781 4768 1812 4812 35

419 4851 518 4929 idem,
534 4872 609 4916 curn
631 4853 811 4917 intellectus
831 4855 874 4917 rei
895 4867 1060 4917 remaneat
1078 4853 1163 4917 idem
1181 4874 1214 4917 re
1227 4868 1387 4937 corrupta.
1404 4855 1451 4918 Re
1465 4869 1574 4919 tamen
1589 4870 1751 4939 corrupta,

420 4960 601 5024 intellectus
624 4976 671 5026 est
698 4962 781 5025 entis
805 4962 985 5025 secundum
1012 4963 1175 5025 racionem
1201 4974 1342 5037 tantum,
1364 4962 1420 5045 qui
1442 4974 1552 5026 tamen
1576 4963 1665 5046 prius
1686 4977 1752 5026 erat

503 5186 510 5218 ¹
531 5185 663 5263 Monque
675 5186 750 5245 dous
766 5187 794 5246 le
807 5203 859 5242 ms.
881 5219 914 5231 ψ
934 5188 945 5219 ¹
964 5188 1010 5245 Ms
1023 5214 1058 5235 =
1072 5186 1264 5247 intellectum.
1284 5219 1318 5228 —
1337 5187 1349 5220 ⁸
1368 5187 1500 5261 Monque
1513 5187 1588 5242 dans
1602 5187 1629 5242 le
1643 5204 1693 5243 ms.
