4872 6552
976 906 1180 980 *99⁸⁵

413 1075 546 1149 uniatur
566 1084 656 1149 alteri
680 1085 760 1167 parti
782 1078 953 1167 compositi
975 1085 998 1159 ¹,
1021 1095 1056 1146 ut
1079 1082 1182 1165 figura
1204 1102 1286 1159 cere,
1309 1083 1363 1146 sed
1394 1082 1513 1146 sufficit
1534 1084 1622 1167 quod
1645 1072 1744 1147 modo

414 1190 567 1275 predicto.

492 1299 548 1361 Ad
570 1297 732 1372 ultimum,
750 1298 925 1361 dicendum
951 1296 1039 1380 quod
1063 1298 1175 1359 anima
1201 1295 1397 1359 intellectiua
1424 1294 1577 1380 perfeccio
1603 1297 1745 1379 corporis

412 1417 471 1479 est,
492 1404 672 1468 secundum
692 1405 781 1489 quod
801 1406 996 1468 intrinsecus
1015 1409 1027 1446 1
1046 1423 1184 1486 operans
1207 1404 1247 1466 ad
1271 1422 1399 1486 corpus,
1417 1403 1572 1485 perfeccio
1590 1416 1622 1466 et
1641 1402 1746 1466 forma

412 1513 555 1595 corporis
571 1513 668 1575 habet
681 1513 757 1576 dici.
774 1511 939 1575 Conuenit
957 1513 1045 1575 enim
1066 1531 1141 1574 cum
1162 1510 1267 1574 forma
1287 1511 1320 1572 in
1342 1510 1403 1573 hoc
1417 1510 1505 1594 quod
1526 1511 1747 1573 intrinsecus¹
1776 1525 1789 1567 5

412 1621 537 1702 corpori
561 1639 628 1683 non
653 1619 724 1683 loco
745 1632 943 1702 separatum,
966 1632 996 1681 et
1019 1620 1095 1701 quia
1121 1619 1222 1682 eciam
1248 1619 1395 1699 operacio
1419 1619 1460 1682 sit
1482 1621 1495 1659 1
1517 1619 1711 1681 intrinsecus
1733 1622 1746 1659 1

413 1728 576 1810 operantis
604 1739 709 1790 totum
739 1726 942 1790 denominat.
973 1726 1085 1801 Vnde,
1116 1745 1171 1808 per
1198 1746 1235 1788 ea
1263 1745 1326 1808 que
1356 1724 1575 1808 Philosophus
1602 1724 1680 1787 dicit
1707 1723 1747 1787 de

413 1835 523 1896 anima
553 1835 587 1896 in
616 1835 803 1908 communi,
834 1834 979 1896 noscitur
1006 1835 1019 1875 1
1046 1832 1184 1915 qualiter
1215 1834 1327 1895 anima
1360 1831 1556 1896 intellectiua
1584 1833 1626 1894 sit
1657 1844 1747 1894 actus

413 1942 568 2023 corporis,
592 1940 642 2003 uel
668 1939 773 2024 forma
792 1944 805 1983 1
827 1943 910 2003 sicut
934 1960 973 2003 ex
1000 1940 1111 2003 multis
1132 1939 1239 2003 verbis
1262 1941 1332 2002 eius
1356 1954 1386 2003 et
1410 1939 1589 2003 multorum
1615 1938 1748 2022 Exposi-
1842 1973 1844 1977 ·

413 2062 520 2111 torum
543 2048 628 2111 idem
649 2060 791 2130 apparet.
814 2047 910 2111 Vnde
931 2046 1152 2130 Philosophus
1174 2048 1284 2109 innuit
1302 2046 1390 2130 quod
1410 2046 1556 2110 difinicio
1576 2047 1616 2110 de
1636 2047 1748 2109 anima
1780 2072 1808 2103 ιο

415 2157 448 2216 in
468 2155 651 2230 communi,
671 2155 760 2237 quod
780 2154 822 2218 sit
840 2170 929 2218 actus
948 2156 1103 2237 corporis,
1121 2155 1223 2237 magis
1242 2167 1290 2216 est
1310 2153 1531 2237 multipliciter
1549 2154 1624 2217 dicti
1645 2173 1746 2236 quam

413 2262 548 2344 generis.
572 2261 611 2325 Et
629 2260 834 2325 Themistius
852 2261 931 2325 dicit
949 2261 1037 2344 quod
1057 2262 1169 2324 anima
1191 2260 1317 2324 difinita
1337 2275 1383 2324 est
1405 2261 1438 2323 in
1460 2259 1649 2336 universali,
1665 2262 1748 2324 sicut

415 2381 519 2451 potest
532 2368 654 2431 difiniri
675 2368 1001 2452 uniuersaliterquod
1023 2388 1088 2431 non
1110 2381 1157 2431 est
1176 2368 1371 2431 uniuersale.
1389 2368 1451 2431 Sed
1467 2389 1505 2430 ex
1521 2382 1608 2451 parte
1623 2368 1678 2430 illa
1693 2368 1747 2431 vbi

415 2477 579 2558 propriam
597 2489 746 2539 naturam
762 2490 792 2540 et
808 2477 971 2539 racionem
988 2474 1169 2540 intellectus
1185 2477 1369 2558 inuestigat,
1387 2488 1422 2538 ut
1436 2495 1474 2538 ex
1489 2477 1587 2538 tercio
1601 2474 1746 2538 eiusdem

415 2581 502 2658 libri,
525 2583 578 2646 vbi
603 2583 698 2666 plano
720 2583 791 2645 uult
814 2585 921 2666 ipsum
945 2603 1012 2646 non
1037 2584 1281 2646 communicare
1303 2583 1337 2644 in
1361 2583 1493 2647 materia
1515 2602 1590 2645 curn
1613 2581 1698 2657 aliis,
1718 2595 1750 2645 et
1780 2595 1808 2639 ιε

415 2690 552 2771 separari
575 2691 586 2730 1
607 2709 625 2753 a
647 2709 791 2772 corpore,
812 2703 841 2753 et
864 2709 930 2753 non
954 2690 1071 2753 habere
1092 2710 1265 2773 organum,
1286 2692 1343 2753 et8
1362 2689 1611 2772 impassibilem,
1632 2702 1663 2752 et
1680 2708 1749 2753 esse

416 2796 598 2878 potenciam
628 2797 699 2858 sine
728 2799 870 2859 materia.
903 2796 942 2859 Et
969 2798 1082 2859 omnia
1112 2796 1252 2879 predicta
1280 2796 1421 2859 ostendit
1450 2815 1517 2859 non
1546 2795 1653 2859 solum
1683 2795 1750 2858 de¹

417 2904 580 2984 potencia,
610 2902 664 2965 sed
697 2903 799 2966 eciam
829 2903 868 2965 de
902 2903 1087 2966 substancia
1119 2905 1230 2966 anime
1264 2902 1470 2991 intellectiue.
1506 2902 1577 2966 Hoc
1608 2902 1750 2965 dicimus

416 3010 553 3072 sensisse
574 3009 809 3093 Philosophum
827 3012 851 3052 11
865 3010 905 3073 de
919 3012 1041 3073 vnione
1060 3012 1170 3073 anime
1190 3009 1383 3073 intellectiue
1403 3009 1443 3072 ad
1463 3029 1599 3092 corpus3
1623 3022 1750 3073 senten-

414 3117 497 3179 ciam
519 3119 544 3159 ¹¹
569 3129 679 3181 tamen
709 3130 818 3180 sancte
846 3116 919 3180 fidei
947 3117 1116 3192 catholice,
1133 3118 1158 3180 si
1186 3117 1345 3181 contraria
1374 3116 1451 3179 huic
1479 3118 1521 3179 sit
1535 3120 1560 3159 ¹²
1586 3116 1750 3180 sentencie
1779 3142 1811 3174 20

417 3222 620 3307 Philosophi,
646 3222 783 3308 preferre
807 3224 964 3299 uolentes,
986 3225 1070 3287 sicut
1092 3237 1124 3289 et
1145 3228 1169 3267 11
1192 3226 1224 3287 in
1249 3224 1322 3287 aliis
1345 3224 1597 3306 quibuscunque
1612 3225 1647 3285 11.

471 3516 540 3601 [lV.
569 3519 686 3582 Utrum
706 3518 816 3580 anima
837 3517 1037 3580 intellectura
1052 3518 1097 3580 sit
1112 3516 1376 3600 incorruptibilis
1391 3516 1442 3580 vel
1454 3516 1695 3600 corruptibilia,

912 3634 1023 3687 eterna
1045 3625 1077 3687 in
1088 3623 1254 3706 suturoil

497 3810 590 3874 Circa
604 3823 757 3892 quartum
775 3812 922 3893 superius
939 3812 1178 3893 propositorum
1192 3813 1227 3883 ¹⁵,
1244 3811 1413 3873 sciendum
1428 3810 1516 3894 quod
1532 3812 1643 3873 anima
1659 3810 1751 3874 intel-

418 3917 533 3980 lectiua
554 3917 747 3980 immortalis
761 3930 808 3981 est
824 3921 860 3993 11,
876 3930 984 3980 eterna
1001 3919 1033 3980 in
1050 3917 1172 3993 futuro,
1188 3932 1218 3980 et
1238 3918 1299 3980 hoc
1314 3918 1359 3980 sic
1379 3916 1534 3999 probatur
1550 3919 1689 3980 racione.
1780 3934 1811 3978 25

498 4023 607 4086 Omne
621 4024 798 4107 corporale,
815 4044 870 4088 seu
888 4023 1035 4100 mortale,
1051 4038 1098 4088 est
1112 4025 1330 4107 compositum
1347 4026 1372 4066 11
1386 4043 1425 4087 ex
1440 4025 1573 4088 materia
1587 4037 1618 4088 et
1633 4023 1749 4100 forma,

416 4129 467 4193 vel
496 4145 544 4195 est
571 4130 675 4194 forma
706 4130 890 4194 materialis.
920 4132 1042 4195 Anima
1071 4130 1266 4196 intellectiua
1296 4150 1355 4194 nec
1382 4145 1429 4194 est
1455 4133 1480 4173 11
1505 4132 1684 4214 composita
1713 4150 1751 4193 ex

418 4238 551 4301 materia
572 4251 604 4300 et
625 4236 742 4314 forma,
766 4258 824 4301 nec
845 4251 892 4301 est
917 4238 1021 4301 forma
1046 4238 1232 4314 materialis,
1255 4238 1310 4300 sed
1332 4238 1465 4300 liberata
1486 4258 1504 4300 a
1527 4238 1671 4312 materia,
1697 4256 1751 4320 per

418 4365 451 4407 se
474 4346 664 4408 subsistens.
692 4345 774 4427 Ergo
799 4364 865 4408 non
890 4358 937 4408 est
960 4343 1192 4427 corruptibilis,
1217 4364 1272 4408 seu
1299 4344 1455 4408 mortalis.

497 4452 604 4515 Maior
620 4452 718 4515 huius
734 4453 873 4515 racionis
889 4453 933 4514 sic
948 4451 1189 4515 demonstratur
1205 4455 1240 4514 11.
1262 4452 1441 4534 Corrupcio
1455 4464 1503 4514 est
1517 4451 1751 4513 transmutacio
1780 4468 1813 4511 30

417 4558 456 4622 do
477 4578 545 4623 esse
566 4559 607 4623 ad
630 4579 698 4622 non
720 4578 799 4622 esso.
825 4558 1078 4623 Transmutacio
1101 4572 1209 4622 autem
1232 4558 1272 4621 de
1294 4578 1361 4622 esse
1383 4558 1423 4622 ad
1447 4578 1514 4621 non
1537 4577 1604 4620 esse
1626 4577 1694 4621 non
1717 4557 1752 4620 lit

498 4803 507 4834 1
524 4803 593 4857 P:
606 4802 778 4874 composite.
795 4835 828 4842 —
847 4803 858 4835 ¹
872 4803 895 4854 V
909 4828 944 4847 -.
958 4802 1158 4857 intrinsecum.
1175 4834 1208 4841 —
1228 4802 1322 4856 ⁸V=
1336 4802 1377 4867 fit,
1396 4804 1416 4857 P
1429 4828 1465 4846 π
1478 4802 1528 4857 sic.
1545 4834 1577 4841 —
1596 4803 1607 4834 ⁴
1624 4801 1647 4852 V
1661 4827 1696 4846 ε
1710 4800 1752 4854 in-

418 4890 544 4946 trinseci.
559 4923 592 4931 —
606 4892 617 4923 1
633 4894 698 4946 P:-
710 4892 847 4947 nescitur.
860 4923 891 4931 —
908 4891 919 4923 1
935 4893 999 4947 Ρ-
1011 4909 1036 4945 2.
1052 4924 1086 4931 -
1100 4892 1111 4924 1
1128 4892 1375 4963 steparatum.
1389 4923 1421 4930 —
1435 4892 1446 4923 1
1458 4891 1521 4944 V-
1537 4908 1559 4944 1.
1575 4923 1608 4930 -
1621 4890 1664 4942 ¹V
1677 4921 1709 4929 -
1724 4907 1748 4943 2.

419 5011 452 5019 -
467 4979 489 5012 ¹⁰
504 4980 525 5032 V
539 5007 575 5025 ε
590 4981 803 5052 Philosophum
820 4980 953 5036 sensisse.
969 5011 1003 5020 -
1017 4982 1038 5013 11
1055 4982 1077 5034 V
1090 5007 1125 5025 r:
1139 4979 1294 5035 sentencia.
1307 5012 1341 5019 —
1355 4979 1377 5012 ¹¹
1392 4980 1413 5034 P
1425 5011 1460 5019 —
1477 4996 1498 5033 r.
1512 5011 1545 5019 —
1562 4980 1582 5011 11
1596 4982 1618 5034 Ρ
1630 5009 1665 5021 -
1682 4995 1704 5032 1.
1716 5011 1751 5017 —

419 5069 441 5100 11
457 5070 526 5124 t>=
542 5070 734 5141 quibusdam.
748 5102 781 5110 -
803 5069 825 5102 11
839 5071 860 5125 Ρ
875 5095 911 5115 =
929 5069 1124 5142 propositum.
1143 5099 1178 5109 -
1195 5068 1216 5101 11
1231 5069 1252 5123 P
1264 5069 1299 5139 -l-
1312 5081 1364 5124 est.
1381 5100 1414 5107 —
1429 5068 1452 5101 11
1466 5069 1489 5121 V
1501 5094 1537 5113 ==
1550 5066 1749 5139 compositum

418 5169 471 5212 est.
498 5189 513 5197 -
538 5157 557 5190 11
573 5159 594 5213 Ρ
607 5160 641 5228 †
655 5157 758 5214 forma.
778 5190 807 5199 —
827 5159 846 5191 11
860 5159 883 5211 V
894 5184 930 5204 =
944 5158 1093 5231 probatur.
