4892 6540
1073 1278 1128 1364 [11]

513 1493 701 1556 Secundum
731 1506 778 1556 εει
803 1493 891 1576 quod
918 1493 1032 1556 dicunt
1058 1493 1143 1556 hanc
1168 1492 1283 1557 falsam
1309 1493 1360 1558 vel
1387 1494 1599 1578 impropriam
1629 1514 1636 1558 ε
1665 1496 1767 1559 homo

434 1600 595 1683 intelligit,
615 1600 703 1684 quod
728 1619 793 1664 non
814 1600 892 1663 dicit
911 1601 973 1663 nisi
993 1602 1049 1683 qui
1071 1600 1277 1684 philosophie
1296 1614 1326 1664 et
1345 1602 1395 1664 sui
1417 1602 1519 1685 ipsius
1540 1600 1656 1664 habuit
1677 1603 1767 1685 igno

434 1709 576 1770 ranciam
590 1728 598 1784 3
624 1708 700 1791 quia
724 1710 758 1770 in
787 1707 994 1791 philosophia
1017 1707 1268 1772 determinatum
1295 1722 1343 1771 εει
1365 1707 1454 1791 quod
1481 1708 1582 1772 homo
1608 1708 1697 1772 solus
1720 1722 1767 1772 εει

434 1814 668 1891 intellectiuus,
697 1828 727 1878 et
754 1815 843 1898 quod
872 1808 1048 1898 intelligere
1078 1817 1205 1898 propria
1233 1830 1264 1880 et
1291 1815 1512 1879 connaturalis
1544 1815 1692 1898 operacio
1720 1828 1768 1879 est
1796 1841 1809 1886 5

434 1921 590 1999 hominis,
611 1942 674 2006 que
696 1924 721 1985 si
746 1942 813 1986 non
836 1924 877 1987 sit
898 1924 1054 2006 impedita
1075 1942 1206 1991 summa
1228 1937 1275 1987 est
1295 1922 1441 1986 hominis
1460 1922 1605 1986 felicitas.
1629 1922 1687 1985 Per
1706 1922 1767 1985 hoc

434 2040 519 2110 patet
534 2028 659 2091 nullam
678 2031 710 2091 in
728 2029 854 2092 mundo
872 2029 952 2093 adeo
973 2031 1136 2112 propriam
1152 2030 1235 2097 sicut
1250 2029 1334 2092 hanc
1350 2050 1357 2093 ε
1376 2029 1477 2093 homo
1498 2029 1658 2113 intelligit.
1679 2028 1765 2093 Cum

432 2136 519 2199 enim
538 2137 704 2218 proprium
720 2137 762 2199 sit
776 2136 864 2220 quod
884 2137 977 2200 omni
997 2137 1152 2200 conuenit
1166 2151 1196 2202 et
1211 2137 1284 2213 soli,
1299 2150 1330 2200 ει
1345 2139 1427 2201 sicut
1440 2137 1518 2200 dicit
1533 2137 1663 2200 boecius
1678 2136 1765 2220 quod

434 2243 601 2326 proprium
623 2243 663 2307 de
685 2243 870 2307 substancia
894 2257 1005 2307 manat
1025 2258 1056 2308 et
1077 2243 1364 2320 substancialibus,
1388 2264 1454 2307 non
1478 2259 1574 2307 erunt
1598 2245 1765 2327 proprium

434 2351 580 2414 hominis
603 2353 722 2414 sentire
744 2364 776 2414 et
799 2352 949 2434 vegetari,
974 2352 1028 2415 sed
1052 2351 1161 2415 solum
1189 2351 1376 2436 intelligere.

512 2458 632 2521 Adhuc
649 2473 772 2534 autem,
787 2478 863 2522 cum
881 2463 891 2501 ¹
907 2479 973 2523 non
990 2460 1031 2523 sit
1050 2461 1181 2542 proprio
1196 2461 1300 2523 verior
1314 2479 1415 2543 quam
1438 2459 1493 2523 illa
1514 2460 1627 2543 inqua
1646 2478 1767 2522 conna-

433 2565 546 2628 turalis
560 2578 591 2630 et
607 2567 755 2648 proprius
769 2579 859 2629 actus
873 2567 1060 2631 attribuitur
1075 2568 1120 2630 illi
1141 2567 1234 2631 cuius
1253 2580 1301 2631 εει
1320 2567 1469 2651 proprius
1488 2580 1518 2630 et
1532 2566 1765 2641 connaturalis,

435 2671 645 2736 manifestum
669 2687 716 2737 est
738 2673 863 2736 nullam
888 2675 971 2737 inter
992 2694 1107 2737 omnes
1130 2676 1372 2757 proposiciones
1396 2695 1464 2739 esse
1484 2676 1642 2739 veriorem
1666 2694 1765 2758 quarn

435 2780 561 2843 istam:
589 2780 689 2843 homo
716 2780 876 2864 intelligit,
903 2782 985 2845 sicut
1010 2801 1084 2844 cum
1110 2782 1228 2845 dicitur
1252 2782 1307 2844 lux
1334 2781 1431 2859 lucet,
1458 2795 1488 2845 ει
1513 2782 1628 2845 albedo
1655 2783 1763 2845 uisum

433 2889 603 2971 disgregat,
619 2887 760 2951 calidum
782 2888 863 2952 calet
877 2902 907 2952 et
921 2903 1022 2953 cetera
1042 2890 1254 2967 huiusmodi3
1277 2890 1339 2952 nisi
1363 2890 1443 2954 lone
1457 2889 1533 2953 velit
1551 2889 1655 2953 dicere
1675 2889 1767 2954 intel-

433 2995 551 3059 lectum
569 2995 658 3078 [210]
675 2995 757 3058 nihil
777 3015 846 3058 esse
864 2995 1011 3059 hominis
1025 2997 1112 3080 quod
1129 2997 1225 3061 ualde
1239 3011 1286 3061 εει
1300 2997 1492 3062 absurdum.
1510 2997 1663 3080 Sequitur
1676 2998 1764 3060 enim

434 3101 465 3165 id
492 3122 558 3187 quo
587 3102 688 3166 homo
716 3103 817 3166 homo
844 3118 907 3180 est,
935 3104 1016 3166 nihil
1045 3124 1114 3168 esse
1142 3105 1303 3181 hominis,
1329 3104 1417 3188 quod
1448 3125 1618 3188 nunquam
1648 3104 1766 3187 aliquis

432 3212 585 3293 opinatus
604 3224 663 3286 est,
678 3211 755 3295 quia
776 3209 838 3274 hoc
857 3212 1059 3295 intelligibile
1080 3228 1219 3277 nonest.
1241 3213 1349 3276 Omne
1364 3214 1452 3276 enim
1470 3213 1558 3296 quod
1573 3211 1614 3275 ab
1628 3211 1701 3275 aliis
1715 3213 1765 3275 sui

430 3320 557 3402 generis
579 3319 746 3402 speciebus
768 3320 990 3404 distinguitur,
1006 3335 1129 3403 oportet
1148 3320 1237 3404 quod
1259 3320 1367 3403 aliqua
1389 3320 1576 3383 differencia
1600 3319 1716 3382 ultima
1736 3331 1767 3382 et

431 3427 648 3503 connaturali,
667 3448 766 3511 quam
787 3428 1002 3491 essencialiter
1017 3430 1196 3511 participat,
1211 3428 1430 3511 distinguatur
1444 3428 1485 3491 ab
1504 3427 1587 3502 aliis,
1609 3441 1644 3491 ut
1664 3427 1767 3490 ineui·
1795 3463 1828 3495 20

432 3535 572 3598 rabiliter
592 3536 626 3598 in
646 3536 707 3596 vii⁰
725 3536 828 3618 prime
848 3534 1055 3618 philosophie
1074 3536 1245 3618 probatum
1267 3548 1324 3598 εει.
1350 3534 1567 3599 lntellectualc
1588 3549 1697 3599 autem
1719 3549 1767 3599 εει

433 3642 548 3705 ultima
572 3642 759 3705 differencia
779 3648 802 3719 2,
827 3657 863 3706 ut
883 3662 999 3706 omnes
1018 3644 1107 3708 stoici
1129 3657 1159 3706 et
1178 3644 1380 3727 perypatetici
1401 3642 1608 3707 confitentur.
1630 3643 1663 3706 Si
1685 3642 1767 3707 forte

432 3750 541 3813 dicant
555 3749 643 3833 quod
664 3749 877 3814 intellectuale
897 3751 980 3813 inest
999 3750 1127 3813 homini
1143 3763 1178 3813 ut
1195 3764 1308 3813 natura
1323 3764 1353 3815 et
1369 3753 1527 3833 potencia,
1543 3750 1598 3814 sed
1612 3763 1721 3814 actum
1737 3766 1767 3816 ει

432 3857 656 3939 operacionem
674 3875 741 3920 non
758 3857 854 3921 habet
869 3859 903 3920 in
920 3858 1002 3940 ips0‚
1019 3857 1081 3921 hoc
1099 3859 1239 3921 omnino
1257 3858 1435 3921 absurdum
1452 3870 1510 3934 est,
1526 3858 1603 3941 quia
1620 3858 1767 3941 sequitur

431 3963 519 4047 quod
535 3976 650 4027 natura
666 3966 795 4048 propria
809 3964 1001 4029 destituatur
1014 3966 1206 4048 operacione
1220 3965 1308 4048 quod
1327 3965 1507 4028 absurdum
1522 3979 1580 4029 est.
1602 3965 1636 4028 Si
1655 3978 1765 4028 autem
1795 3987 1827 4032 ιε

433 4069 513 4134 lorte
527 4071 637 4135 dicant
650 4071 738 4155 quod
754 4073 941 4136 raciocinari
958 4074 1107 4156 proprius
1121 4086 1211 4136 actus
1226 4072 1372 4136 hominis
1387 4086 1433 4136 est
1448 4086 1477 4136 et
1493 4092 1560 4136 non
1576 4072 1765 4155 intelligere,

433 4180 495 4243 hoc
509 4179 604 4243 ualde
623 4180 764 4264 imperiti
784 4181 930 4243 hominis
951 4199 1016 4243 non
1037 4180 1159 4245 dictum
1181 4181 1236 4244 sed
1257 4180 1450 4263 figmentum
1471 4194 1528 4245 εει.
1549 4180 1636 4260 Quia
1650 4181 1676 4243 si
1692 4180 1766 4263 quis

431 4287 583 4352 subtilius
603 4288 662 4352 ista
682 4289 837 4364 intuetur,
854 4289 1064 4351 raciocinacio
1085 4308 1256 4372 nunquam
1273 4288 1308 4351 ht
1324 4289 1385 4351 nisi
1402 4290 1435 4351 in
1453 4287 1615 4353 intellectu
1634 4307 1766 4371 compo

433 4410 528 4460 nente
542 4409 573 4459 et
587 4396 755 4460 diuidente
770 4395 974 4459 informetur.
990 4395 1046 4459 Est
1060 4416 1134 4480 ergo
1150 4396 1331 4460 intellectus
1346 4395 1526 4459 secundum
1544 4408 1695 4459 naturam
1710 4409 1766 4459 aut

430 4506 657 4586 operacionem
672 4507 696 4579 ³,
718 4504 821 4586 magis
839 4521 914 4586 ergo
933 4516 981 4566 est
1000 4504 1127 4566 homini
1145 4504 1312 4586 proprium
1330 4503 1506 4586 intelligere
1520 4522 1620 4587 quam
1637 4504 1766 4567 racioci-
1795 4525 1827 4569 30

432 4613 513 4673 nari.
536 4611 570 4674 Si
589 4624 699 4674 autem
720 4610 797 4674 velit
815 4610 919 4674 dicere
938 4610 1027 4693 quod
1047 4610 1224 4694 intelligere
1245 4611 1401 4693 superiori
1423 4623 1536 4673 nature
1556 4611 1712 4674 conuenit
1731 4622 1767 4674 ut

430 4718 573 4801 angelice
598 4731 629 4781 ει
655 4717 726 4781 ideo
753 4717 897 4781 inferiori
924 4737 991 4781 non
1019 4731 1122 4801 potest
1147 4738 1215 4781 esse
1242 4719 1430 4801 proprium;
1460 4719 1604 4800 primum
1631 4717 1764 4801 quidem

430 4840 542 4891 contra
568 4826 630 4889 hoc
655 4840 702 4888 est
727 4824 815 4909 quod
845 4824 1061 4908 philosophus
1088 4838 1176 4888 extra
1204 4838 1305 4889 metas
1335 4824 1540 4907 philosophie
1568 4824 1662 4909 fugit,
1688 4828 1765 4909 quia

432 4953 499 4997 non
515 4948 562 4998 est
577 4933 854 5017 philosophicum.
876 4933 1130 4997 Distinccionem
1146 4932 1234 4995 enim
1252 4932 1442 5016 angelorum
1459 4952 1515 5015 per
1529 4933 1764 4998 reuelacionem

504 5158 513 5195 ¹
533 5158 578 5217 lus
591 5183 626 5203 =
641 5156 733 5237 quod.
747 5189 782 5199 --
801 5157 813 5190 ⁸
831 5158 877 5212 his
892 5158 925 5230 -Ι-
938 5169 990 5213 εει.
1007 5189 1039 5198 -
1058 5157 1070 5190 ⁸
1089 5158 1134 5221 his
1147 5183 1183 5203 =
1196 5157 1352 5219 racionem.
