<?xml version="1.0" encoding="UTF-8"?>
<!DOCTYPE html PUBLIC "-//W3C//DTD XHTML 1.0 Transitional//EN"
    "http://www.w3.org/TR/xhtml1/DTD/xhtml1-transitional.dtd">
<html xmlns="http://www.w3.org/1999/xhtml" xml:lang="en" lang="en">
 <head>
  <title>
</title>
<meta http-equiv="Content-Type" content="text/html;charset=utf-8" />
  <meta name='ocr-system' content='tesseract 3.04.00' />
  <meta name='ocr-capabilities' content='ocr_page ocr_carea ocr_par ocr_line ocrx_word'/>
</head>
<body>
  <div class='ocr_page' id='page_1' title='image "./sigerdebrabante00albegoog_0354.png"; bbox 0 0 4892 6540; ppageno 0'>
   <div class='ocr_carea' id='block_1_1' title="bbox 653 1075 2032 1590">
    <p class='ocr_par' dir='ltr' id='par_1_1' title="bbox 653 1075 2032 1590">
     <span class='ocr_line' id='line_1_1' title="bbox 695 1075 2032 1161; baseline 0.001 -22"><span class='ocrx_word' id='word_1_1' title='bbox 695 1076 827 1158; x_wconf 90' lang='lat' dir='ltr'>spiritus</span> <span class='ocrx_word' id='word_1_2' title='bbox 841 1087 872 1139; x_wconf 92' lang='lat' dir='ltr'>et</span> <span class='ocrx_word' id='word_1_3' title='bbox 887 1095 953 1139; x_wconf 93' lang='lat' dir='ltr'>non</span> <span class='ocrx_word' id='word_1_4' title='bbox 971 1095 1026 1159; x_wconf 87' lang='lat' dir='ltr'>per</span> <span class='ocrx_word' id='word_1_5' title='bbox 1041 1076 1282 1160; x_wconf 86' lang='lat' dir='ltr'>philosophiam</span> <span class='ocrx_word' id='word_1_6' title='bbox 1298 1089 1376 1142; x_wconf 90' lang='lat' dir='ltr'>sunt</span> <span class='ocrx_word' id='word_1_7' title='bbox 1390 1090 1527 1160; x_wconf 85' lang='lat' dir='ltr'><strong>accepte.</strong></span> <span class='ocrx_word' id='word_1_8' title='bbox 1544 1077 1578 1141; x_wconf 90' lang='lat' dir='ltr'>Si</span> <span class='ocrx_word' id='word_1_9' title='bbox 1594 1090 1702 1141; x_wconf 90' lang='lat' dir='ltr'>autem</span> <span class='ocrx_word' id='word_1_10' title='bbox 1718 1078 1803 1141; x_wconf 89' lang='lat' dir='ltr'>dicat</span> <span class='ocrx_word' id='word_1_11' title='bbox 1814 1075 1903 1161; x_wconf 93' lang='lat' dir='ltr'>quod</span> <span class='ocrx_word' id='word_1_12' title='bbox 1919 1096 2032 1141; x_wconf 89' lang='lat' dir='ltr'>secun·</span> 
     </span>
     <span class='ocr_line' id='line_1_2' title="bbox 694 1182 2030 1267; baseline 0 -21"><span class='ocrx_word' id='word_1_13' title='bbox 694 1182 773 1246; x_wconf 90' lang='lat' dir='ltr'>dum</span> <span class='ocrx_word' id='word_1_14' title='bbox 797 1183 1039 1266; x_wconf 87' lang='lat' dir='ltr'>philosophiam</span> <span class='ocrx_word' id='word_1_15' title='bbox 1060 1197 1137 1247; x_wconf 90' lang='lat' dir='ltr'>sunt</span> <span class='ocrx_word' id='word_1_16' title='bbox 1156 1183 1447 1267; x_wconf 74' lang='lat' dir='ltr'>intelligentiarum</span> <span class='ocrx_word' id='word_1_17' title='bbox 1467 1185 1609 1262; x_wconf 90' lang='lat' dir='ltr'>ordines,</span> <span class='ocrx_word' id='word_1_18' title='bbox 1629 1198 1660 1249; x_wconf 94' lang='lat' dir='ltr'>et</span> <span class='ocrx_word' id='word_1_19' title='bbox 1680 1185 1744 1248; x_wconf 91' lang='lat' dir='ltr'>illis</span> <span class='ocrx_word' id='word_1_20' title='bbox 1764 1198 1794 1249; x_wconf 91' lang='lat' dir='ltr'>et</span> <span class='ocrx_word' id='word_1_21' title='bbox 1814 1204 1881 1248; x_wconf 94' lang='lat' dir='ltr'>non</span> <span class='ocrx_word' id='word_1_22' title='bbox 1902 1184 2030 1249; x_wconf 91' lang='lat' dir='ltr'>homini</span> 
     </span>
     <span class='ocr_line' id='line_1_3' title="bbox 694 1290 2031 1376; baseline 0.001 -23"><span class='ocrx_word' id='word_1_23' title='bbox 694 1291 851 1353; x_wconf 91' lang='lat' dir='ltr'>conuenit</span> <span class='ocrx_word' id='word_1_24' title='bbox 877 1290 1066 1373; x_wconf 87' lang='lat' dir='ltr'>intelligere,</span> <span class='ocrx_word' id='word_1_25' title='bbox 1091 1305 1122 1354; x_wconf 90' lang='lat' dir='ltr'>et</span> <span class='ocrx_word' id='word_1_26' title='bbox 1145 1291 1206 1354; x_wconf 93' lang='lat' dir='ltr'>hoc</span> <span class='ocrx_word' id='word_1_27' title='bbox 1232 1293 1349 1355; x_wconf 90' lang='lat' dir='ltr'>iterum</span> <span class='ocrx_word' id='word_1_28' title='bbox 1376 1292 1556 1355; x_wconf 89' lang='lat' dir='ltr'>absurdum</span> <span class='ocrx_word' id='word_1_29' title='bbox 1584 1306 1643 1368; x_wconf 89' lang='lat' dir='ltr'>est,</span> <span class='ocrx_word' id='word_1_30' title='bbox 1668 1293 1744 1376; x_wconf 92' lang='lat' dir='ltr'>quia</span> <span class='ocrx_word' id='word_1_31' title='bbox 1772 1292 1855 1356; x_wconf 89' lang='lat' dir='ltr'>nihil</span> <span class='ocrx_word' id='word_1_32' title='bbox 1883 1292 2031 1375; x_wconf 91' lang='lat' dir='ltr'>prohibet</span> 
     </span>
     <span class='ocr_line' id='line_1_4' title="bbox 695 1398 2031 1483; baseline 0.001 -23"><span class='ocrx_word' id='word_1_33' title='bbox 695 1398 784 1481; x_wconf 91' lang='lat' dir='ltr'>quod</span> <span class='ocrx_word' id='word_1_34' title='bbox 810 1398 842 1460; x_wconf 93' lang='lat' dir='ltr'>id</span> <span class='ocrx_word' id='word_1_35' title='bbox 867 1398 955 1480; x_wconf 91' lang='lat' dir='ltr'>quod</span> <span class='ocrx_word' id='word_1_36' title='bbox 983 1419 1037 1481; x_wconf 91' lang='lat' dir='ltr'>per</span> <span class='ocrx_word' id='word_1_37' title='bbox 1063 1398 1246 1481; x_wconf 82' lang='lat' dir='ltr'>analogiam</span> <span class='ocrx_word' id='word_1_38' title='bbox 1275 1399 1404 1476; x_wconf 87' lang='lat' dir='ltr'>dicitur,</span> <span class='ocrx_word' id='word_1_39' title='bbox 1433 1401 1599 1482; x_wconf 90' lang='lat' dir='ltr'>proprium</span> <span class='ocrx_word' id='word_1_40' title='bbox 1627 1419 1695 1463; x_wconf 86' lang='lat' dir='ltr'>esse</span> <span class='ocrx_word' id='word_1_41' title='bbox 1721 1400 1870 1483; x_wconf 89' lang='lat' dir='ltr'>pluribus</span> <span class='ocrx_word' id='word_1_42' title='bbox 1894 1400 2031 1463; x_wconf 92' lang='lat' dir='ltr'>diuersis</span> 
     </span>
     <span class='ocr_line' id='line_1_5' title="bbox 653 1505 2032 1590; baseline 0.002 -23"><span class='ocrx_word' id='word_1_43' title='bbox 653 1523 665 1567; x_wconf 99' lang='grc'><strong>5</strong></span> <span class='ocrx_word' id='word_1_44' title='bbox 696 1505 814 1568; x_wconf 79' lang='lat' dir='ltr'>modis</span> <span class='ocrx_word' id='word_1_45' title='bbox 840 1505 874 1568; x_wconf 91' lang='lat' dir='ltr'>Si</span> <span class='ocrx_word' id='word_1_46' title='bbox 896 1525 973 1568; x_wconf 88' lang='lat' dir='ltr'>vero</span> <span class='ocrx_word' id='word_1_47' title='bbox 995 1506 1058 1569; x_wconf 91' lang='lat' dir='ltr'>hoc</span> <span class='ocrx_word' id='word_1_48' title='bbox 1083 1506 1222 1569; x_wconf 84' lang='lat' dir='ltr'>intendit</span> <span class='ocrx_word' id='word_1_49' title='bbox 1243 1506 1331 1589; x_wconf 90' lang='lat' dir='ltr'>quod</span> <span class='ocrx_word' id='word_1_50' title='bbox 1353 1506 1489 1589; x_wconf 90' lang='lat' dir='ltr'>quidam</span> <span class='ocrx_word' id='word_1_51' title='bbox 1512 1507 1648 1570; x_wconf 87' lang='lat' dir='ltr'>arabum</span> <span class='ocrx_word' id='word_1_52' title='bbox 1673 1506 1861 1590; x_wconf 88' lang='lat' dir='ltr'>philosophi</span> <span class='ocrx_word' id='word_1_53' title='bbox 1880 1506 2032 1570; x_wconf 84' lang='lat' dir='ltr'>dixerunt</span> 
     </span>
    </p>
   </div>
   <div class='ocr_carea' id='block_1_2' title="bbox 696 1611 2122 1698">
    <p class='ocr_par' dir='ltr' id='par_1_2' title="bbox 696 1611 2122 1698">
     <span class='ocr_line' id='line_1_6' title="bbox 696 1611 2122 1698; baseline 0.002 -24"><span class='ocrx_word' id='word_1_54' title='bbox 696 1611 896 1675; x_wconf 89' lang='lat' dir='ltr'>intellectum</span> <span class='ocrx_word' id='word_1_55' title='bbox 916 1613 1054 1675; x_wconf 90' lang='lat' dir='ltr'>alicuius</span> <span class='ocrx_word' id='word_1_56' title='bbox 1073 1627 1220 1695; x_wconf 88' lang='lat' dir='ltr'>agentem</span> <span class='ocrx_word' id='word_1_57' title='bbox 1242 1633 1310 1677; x_wconf 88' lang='lat' dir='ltr'>esse</span> <span class='ocrx_word' id='word_1_58' title='bbox 1329 1628 1417 1677; x_wconf 88' lang='lat' dir='ltr'>extra</span> <span class='ocrx_word' id='word_1_59' title='bbox 1436 1615 1596 1690; x_wconf 87' lang='lat' dir='ltr'>animam,</span> <span class='ocrx_word' id='word_1_60' title='bbox 1612 1615 1667 1698; x_wconf 90' lang='lat' dir='ltr'>qui</span> <span class='ocrx_word' id='word_1_61' title='bbox 1688 1627 1735 1677; x_wconf 95' lang='lat' dir='ltr'>est</span> <span class='ocrx_word' id='word_1_62' title='bbox 1755 1627 1790 1677; x_wconf 93' lang='lat' dir='ltr'>ut</span> <span class='ocrx_word' id='word_1_63' title='bbox 1809 1613 1857 1676; x_wconf 91' lang='lat' dir='ltr'>sol</span> <span class='ocrx_word' id='word_1_64' title='bbox 1876 1628 1907 1676; x_wconf 89' lang='lat' dir='ltr'>et</span> <span class='ocrx_word' id='word_1_65' title='bbox 1927 1625 1962 1676; x_wconf 90' lang='lat' dir='ltr'>ut</span> <span class='ocrx_word' id='word_1_66' title='bbox 1980 1633 2031 1677; x_wconf 91' lang='lat' dir='ltr'>ars</span> <span class='ocrx_word' id='word_1_67' title='bbox 2119 1678 2122 1684; x_wconf 78' lang='grc'><strong>,</strong></span> 
     </span>
    </p>
   </div>
   <div class='ocr_carea' id='block_1_3' title="bbox 636 1719 2032 3282">
    <p class='ocr_par' dir='ltr' id='par_1_3' title="bbox 696 1719 2031 2017">
     <span class='ocr_line' id='line_1_7' title="bbox 696 1719 2029 1805; baseline 0.002 -23"><span class='ocrx_word' id='word_1_68' title='bbox 696 1720 737 1782; x_wconf 92' lang='lat' dir='ltr'>ad</span> <span class='ocrx_word' id='word_1_69' title='bbox 760 1720 928 1783; x_wconf 82' lang='lat' dir='ltr'>materiam</span> <span class='ocrx_word' id='word_1_70' title='bbox 955 1720 1122 1795; x_wconf 87' lang='lat' dir='ltr'>sustinuit,</span> <span class='ocrx_word' id='word_1_71' title='bbox 1145 1735 1175 1785; x_wconf 92' lang='lat' dir='ltr'>et</span> <span class='ocrx_word' id='word_1_72' title='bbox 1196 1719 1259 1783; x_wconf 91' lang='lat' dir='ltr'>hoc</span> <span class='ocrx_word' id='word_1_73' title='bbox 1280 1720 1372 1783; x_wconf 89' lang='lat' dir='ltr'>valde</span> <span class='ocrx_word' id='word_1_74' title='bbox 1392 1720 1499 1783; x_wconf 91' lang='lat' dir='ltr'>debile</span> <span class='ocrx_word' id='word_1_75' title='bbox 1520 1720 1643 1785; x_wconf 92' lang='lat' dir='ltr'>dictum</span> <span class='ocrx_word' id='word_1_76' title='bbox 1667 1734 1734 1798; x_wconf 87' lang='lat' dir='ltr'>est;</span> <span class='ocrx_word' id='word_1_77' title='bbox 1757 1722 1835 1805; x_wconf 92' lang='lat' dir='ltr'>quia</span> <span class='ocrx_word' id='word_1_78' title='bbox 1859 1721 1921 1783; x_wconf 86' lang='lat' dir='ltr'>hoc</span> <span class='ocrx_word' id='word_1_79' title='bbox 1941 1720 2029 1797; x_wconf 79' lang='lat' dir='ltr'>da10,</span> 
     </span>
     <span class='ocr_line' id='line_1_8' title="bbox 697 1826 2030 1912; baseline 0.002 -25"><span class='ocrx_word' id='word_1_80' title='bbox 697 1846 764 1889; x_wconf 91' lang='lat' dir='ltr'>non</span> <span class='ocrx_word' id='word_1_81' title='bbox 788 1826 933 1909; x_wconf 90' lang='lat' dir='ltr'>sequitur</span> <span class='ocrx_word' id='word_1_82' title='bbox 956 1826 1045 1909; x_wconf 93' lang='lat' dir='ltr'>quod</span> <span class='ocrx_word' id='word_1_83' title='bbox 1070 1826 1170 1890; x_wconf 89' lang='lat' dir='ltr'>homo</span> <span class='ocrx_word' id='word_1_84' title='bbox 1195 1826 1354 1910; x_wconf 88' lang='lat' dir='ltr'>intelligat</span> <span class='ocrx_word' id='word_1_85' title='bbox 1377 1829 1503 1910; x_wconf 89' lang='lat' dir='ltr'>proprie</span> <span class='ocrx_word' id='word_1_86' title='bbox 1527 1839 1557 1891; x_wconf 98' lang='lat' dir='ltr'>et</span> <span class='ocrx_word' id='word_1_87' title='bbox 1582 1847 1673 1906; x_wconf 88' lang='lat' dir='ltr'>vere;</span> <span class='ocrx_word' id='word_1_88' title='bbox 1697 1830 1775 1912; x_wconf 92' lang='lat' dir='ltr'>quia</span> <span class='ocrx_word' id='word_1_89' title='bbox 1798 1828 1952 1911; x_wconf 88' lang='lat' dir='ltr'>quamuis</span> <span class='ocrx_word' id='word_1_90' title='bbox 1976 1827 2030 1890; x_wconf 94' lang='lat' dir='ltr'>illa</span> 
     </span>
     <span class='ocr_line' id='line_1_9' title="bbox 696 1933 2031 2017; baseline 0 -21"><span class='ocrx_word' id='word_1_91' title='bbox 696 1933 912 2016; x_wconf 87' lang='lat' dir='ltr'>intelligencia</span> <span class='ocrx_word' id='word_1_92' title='bbox 931 1953 995 2016; x_wconf 88' lang='lat' dir='ltr'>que</span> <span class='ocrx_word' id='word_1_93' title='bbox 1014 1948 1061 1996; x_wconf 90' lang='lat' dir='ltr'>est</span> <span class='ocrx_word' id='word_1_94' title='bbox 1079 1946 1115 1996; x_wconf 93' lang='lat' dir='ltr'>ut</span> <span class='ocrx_word' id='word_1_95' title='bbox 1135 1934 1181 1996; x_wconf 92' lang='lat' dir='ltr'>sol</span> <span class='ocrx_word' id='word_1_96' title='bbox 1202 1933 1321 1997; x_wconf 89' lang='lat' dir='ltr'>solium</span> <span class='ocrx_word' id='word_1_97' title='bbox 1345 1933 1449 2017; x_wconf 51' lang='grc' dir='ltr'>[πον]</span> <span class='ocrx_word' id='word_1_98' title='bbox 1470 1934 1582 1998; x_wconf 89' lang='lat' dir='ltr'>lucens</span> <span class='ocrx_word' id='word_1_99' title='bbox 1602 1935 1691 1999; x_wconf 89' lang='lat' dir='ltr'>etad</span> <span class='ocrx_word' id='word_1_100' title='bbox 1711 1955 1779 1999; x_wconf 88' lang='lat' dir='ltr'>esse</span> <span class='ocrx_word' id='word_1_101' title='bbox 1799 1935 1904 1998; x_wconf 92' lang='lat' dir='ltr'>lucere</span> <span class='ocrx_word' id='word_1_102' title='bbox 1918 1935 2031 1998; x_wconf 91' lang='lat' dir='ltr'>omnia</span> 
     </span>
    </p>

    <p class='ocr_par' dir='ltr' id='par_1_4' title="bbox 637 2039 2031 2554">
     <span class='ocr_line' id='line_1_10' title="bbox 637 2039 2030 2124; baseline 0.002 -22"><span class='ocrx_word' id='word_1_103' title='bbox 637 2071 667 2102; x_wconf 77' lang='grc' dir='ltr'>ιο</span> <span class='ocrx_word' id='word_1_104' title='bbox 696 2039 855 2116; x_wconf 90' lang='lat' dir='ltr'>formans,</span> <span class='ocrx_word' id='word_1_105' title='bbox 880 2054 910 2103; x_wconf 90' lang='lat' dir='ltr'>et</span> <span class='ocrx_word' id='word_1_106' title='bbox 934 2040 1017 2103; x_wconf 88' lang='lat' dir='ltr'>sicut</span> <span class='ocrx_word' id='word_1_107' title='bbox 1042 2060 1093 2103; x_wconf 91' lang='lat' dir='ltr'>ars</span> <span class='ocrx_word' id='word_1_108' title='bbox 1121 2040 1252 2104; x_wconf 89' lang='lat' dir='ltr'>materie</span> <span class='ocrx_word' id='word_1_109' title='bbox 1278 2039 1400 2104; x_wconf 89' lang='lat' dir='ltr'>formas</span> <span class='ocrx_word' id='word_1_110' title='bbox 1426 2042 1503 2104; x_wconf 90' lang='lat' dir='ltr'>artis</span> <span class='ocrx_word' id='word_1_111' title='bbox 1526 2061 1564 2104; x_wconf 84' lang='lat' dir='ltr'>ex</span> <span class='ocrx_word' id='word_1_112' title='bbox 1588 2061 1621 2105; x_wconf 88' lang='lat' dir='ltr'>se</span> <span class='ocrx_word' id='word_1_113' title='bbox 1644 2044 1713 2124; x_wconf 89' lang='lat' dir='ltr'>ipsa</span> <span class='ocrx_word' id='word_1_114' title='bbox 1740 2041 1895 2119; x_wconf 88' lang='lat' dir='ltr'>influens,</span> <span class='ocrx_word' id='word_1_115' title='bbox 1920 2055 2030 2105; x_wconf 84' lang='lat' dir='ltr'>tamen</span> 
     </span>
     <span class='ocr_line' id='line_1_11' title="bbox 697 2147 2031 2232; baseline 0.001 -22"><span class='ocrx_word' id='word_1_116' title='bbox 697 2147 872 2211; x_wconf 88' lang='lat' dir='ltr'>influencia</span> <span class='ocrx_word' id='word_1_117' title='bbox 892 2147 1028 2210; x_wconf 90' lang='lat' dir='ltr'>luminis</span> <span class='ocrx_word' id='word_1_118' title='bbox 1049 2148 1140 2211; x_wconf 91' lang='lat' dir='ltr'>istius</span> <span class='ocrx_word' id='word_1_119' title='bbox 1161 2148 1374 2232; x_wconf 88' lang='lat' dir='ltr'>intelligencie</span> <span class='ocrx_word' id='word_1_120' title='bbox 1395 2168 1450 2231; x_wconf 90' lang='lat' dir='ltr'>per</span> <span class='ocrx_word' id='word_1_121' title='bbox 1469 2168 1538 2212; x_wconf 89' lang='lat' dir='ltr'>esse</span> <span class='ocrx_word' id='word_1_122' title='bbox 1557 2150 1591 2212; x_wconf 90' lang='lat' dir='ltr'>in</span> <span class='ocrx_word' id='word_1_123' title='bbox 1611 2151 1723 2213; x_wconf 89' lang='lat' dir='ltr'>anima</span> <span class='ocrx_word' id='word_1_124' title='bbox 1742 2162 1800 2225; x_wconf 92' lang='lat' dir='ltr'>est,</span> <span class='ocrx_word' id='word_1_125' title='bbox 1816 2161 1847 2212; x_wconf 90' lang='lat' dir='ltr'>et</span> <span class='ocrx_word' id='word_1_126' title='bbox 1867 2150 1910 2211; x_wconf 91' lang='lat' dir='ltr'>ita</span> <span class='ocrx_word' id='word_1_127' title='bbox 1932 2148 2031 2212; x_wconf 91' lang='lat' dir='ltr'>infor-</span> 
     </span>
     <span class='ocr_line' id='line_1_12' title="bbox 697 2254 2030 2339; baseline 0.001 -20"><span class='ocrx_word' id='word_1_128' title='bbox 697 2270 764 2319; x_wconf 88' lang='lat' dir='ltr'>mat</span> <span class='ocrx_word' id='word_1_129' title='bbox 786 2257 932 2318; x_wconf 88' lang='lat' dir='ltr'>animam</span> <span class='ocrx_word' id='word_1_130' title='bbox 958 2254 998 2318; x_wconf 92' lang='lat' dir='ltr'>ad</span> <span class='ocrx_word' id='word_1_131' title='bbox 1024 2254 1223 2318; x_wconf 88' lang='lat' dir='ltr'>intellectum</span> <span class='ocrx_word' id='word_1_132' title='bbox 1248 2270 1278 2319; x_wconf 90' lang='lat' dir='ltr'>et</span> <span class='ocrx_word' id='word_1_133' title='bbox 1301 2257 1526 2339; x_wconf 85' lang='lat' dir='ltr'>operacionem</span> <span class='ocrx_word' id='word_1_134' title='bbox 1553 2255 1753 2333; x_wconf 82' lang='lat' dir='ltr'>intellectus3</span> <span class='ocrx_word' id='word_1_135' title='bbox 1779 2257 1824 2320; x_wconf 92' lang='lat' dir='ltr'>sic</span> <span class='ocrx_word' id='word_1_136' title='bbox 1847 2255 1895 2320; x_wconf 92' lang='lat' dir='ltr'>sol</span> <span class='ocrx_word' id='word_1_137' title='bbox 1919 2257 2030 2320; x_wconf 88' lang='lat' dir='ltr'>omnia</span> 
     </span>
     <span class='ocr_line' id='line_1_13' title="bbox 697 2362 2030 2446; baseline 0.001 -21"><span class='ocrx_word' id='word_1_138' title='bbox 697 2362 815 2426; x_wconf 80' lang='lat' dir='ltr'>format</span> <span class='ocrx_word' id='word_1_139' title='bbox 836 2363 981 2426; x_wconf 89' lang='lat' dir='ltr'>lucencia</span> <span class='ocrx_word' id='word_1_140' title='bbox 999 2362 1040 2425; x_wconf 90' lang='lat' dir='ltr'>ad</span> <span class='ocrx_word' id='word_1_141' title='bbox 1060 2362 1318 2426; x_wconf 88' lang='lat' dir='ltr'>illuminacionis</span> <span class='ocrx_word' id='word_1_142' title='bbox 1338 2362 1478 2426; x_wconf 88' lang='lat' dir='ltr'>formam</span> <span class='ocrx_word' id='word_1_143' title='bbox 1499 2376 1530 2427; x_wconf 90' lang='lat' dir='ltr'>et</span> <span class='ocrx_word' id='word_1_144' title='bbox 1548 2364 1786 2446; x_wconf 88' lang='lat' dir='ltr'>operacionem.</span> <span class='ocrx_word' id='word_1_145' title='bbox 1812 2362 1851 2427; x_wconf 85' lang='lat' dir='ltr'>Et</span> <span class='ocrx_word' id='word_1_146' title='bbox 1872 2365 1954 2428; x_wconf 89' lang='lat' dir='ltr'>sicut</span> <span class='ocrx_word' id='word_1_147' title='bbox 1976 2363 2030 2426; x_wconf 90' lang='lat' dir='ltr'>illa</span> 
     </span>
     <span class='ocr_line' id='line_1_14' title="bbox 697 2469 2031 2554; baseline 0.002 -22"><span class='ocrx_word' id='word_1_148' title='bbox 697 2470 825 2554; x_wconf 90' lang='lat' dir='ltr'>proprie</span> <span class='ocrx_word' id='word_1_149' title='bbox 839 2483 870 2533; x_wconf 89' lang='lat' dir='ltr'>et</span> <span class='ocrx_word' id='word_1_150' title='bbox 883 2489 956 2533; x_wconf 89' lang='lat' dir='ltr'>vere</span> <span class='ocrx_word' id='word_1_151' title='bbox 970 2469 1125 2532; x_wconf 90' lang='lat' dir='ltr'>dicuntur</span> <span class='ocrx_word' id='word_1_152' title='bbox 1139 2469 1315 2533; x_wconf 89' lang='lat' dir='ltr'>luminaria</span> <span class='ocrx_word' id='word_1_153' title='bbox 1329 2483 1360 2534; x_wconf 90' lang='lat' dir='ltr'>et</span> <span class='ocrx_word' id='word_1_154' title='bbox 1374 2470 1503 2534; x_wconf 91' lang='lat' dir='ltr'>lucendi</span> <span class='ocrx_word' id='word_1_155' title='bbox 1519 2486 1627 2535; x_wconf 90' lang='lat' dir='ltr'>actum</span> <span class='ocrx_word' id='word_1_156' title='bbox 1649 2471 1806 2535; x_wconf 90' lang='lat' dir='ltr'>habencia</span> <span class='ocrx_word' id='word_1_157' title='bbox 1820 2491 1828 2548; x_wconf 85' lang='lat'>3</span> <span class='ocrx_word' id='word_1_158' title='bbox 1846 2472 1890 2533; x_wconf 92' lang='lat' dir='ltr'>ita</span> <span class='ocrx_word' id='word_1_159' title='bbox 1906 2472 2031 2554; x_wconf 90' lang='lat' dir='ltr'>proprie</span> 
     </span>
    </p>

    <p class='ocr_par' dir='ltr' id='par_1_5' title="bbox 638 2575 2032 3089">
     <span class='ocr_line' id='line_1_15' title="bbox 638 2575 2031 2661; baseline 0.002 -22"><span class='ocrx_word' id='word_1_160' title='bbox 638 2594 666 2639; x_wconf 87' lang='lat'>15</span> <span class='ocrx_word' id='word_1_161' title='bbox 697 2577 850 2640; x_wconf 91' lang='lat' dir='ltr'>dicuntur</span> <span class='ocrx_word' id='word_1_162' title='bbox 865 2575 1095 2640; x_wconf 85' lang='lat' dir='ltr'>intellectuales</span> <span class='ocrx_word' id='word_1_163' title='bbox 1114 2589 1145 2640; x_wconf 93' lang='lat' dir='ltr'>et</span> <span class='ocrx_word' id='word_1_164' title='bbox 1163 2578 1389 2659; x_wconf 87' lang='lat' dir='ltr'>operacionem</span> <span class='ocrx_word' id='word_1_165' title='bbox 1410 2578 1592 2641; x_wconf 89' lang='lat' dir='ltr'>intellectus</span> <span class='ocrx_word' id='word_1_166' title='bbox 1611 2577 1778 2654; x_wconf 90' lang='lat' dir='ltr'>habentes,</span> <span class='ocrx_word' id='word_1_167' title='bbox 1793 2578 1870 2661; x_wconf 90' lang='lat' dir='ltr'>quia</span> <span class='ocrx_word' id='word_1_168' title='bbox 1891 2578 1923 2641; x_wconf 93' lang='lat' dir='ltr'>id</span> <span class='ocrx_word' id='word_1_169' title='bbox 1942 2577 2031 2661; x_wconf 92' lang='lat' dir='ltr'>quod</span> 
     </span>
     <span class='ocr_line' id='line_1_16' title="bbox 697 2682 2032 2768; baseline 0.001 -22"><span class='ocrx_word' id='word_1_170' title='bbox 697 2696 744 2746; x_wconf 85' lang='lat' dir='ltr'>est</span> <span class='ocrx_word' id='word_1_171' title='bbox 762 2696 852 2746; x_wconf 90' lang='lat' dir='ltr'>actus</span> <span class='ocrx_word' id='word_1_172' title='bbox 870 2683 1044 2765; x_wconf 90' lang='lat' dir='ltr'>superioris</span> <span class='ocrx_word' id='word_1_173' title='bbox 1065 2682 1147 2745; x_wconf 89' lang='lat' dir='ltr'>nihil</span> <span class='ocrx_word' id='word_1_174' title='bbox 1168 2683 1316 2766; x_wconf 88' lang='lat' dir='ltr'>prohibet</span> <span class='ocrx_word' id='word_1_175' title='bbox 1335 2684 1514 2747; x_wconf 90' lang='lat' dir='ltr'>secundum</span> <span class='ocrx_word' id='word_1_176' title='bbox 1531 2703 1600 2748; x_wconf 88' lang='lat' dir='ltr'>esse</span> <span class='ocrx_word' id='word_1_177' title='bbox 1619 2685 1842 2768; x_wconf 87' lang='lat' dir='ltr'>participatam</span> <span class='ocrx_word' id='word_1_178' title='bbox 1857 2704 1926 2748; x_wconf 90' lang='lat' dir='ltr'>esse</span> <span class='ocrx_word' id='word_1_179' title='bbox 1940 2684 2032 2749; x_wconf 88' lang='lat' dir='ltr'>diffe-</span> 
     </span>
     <span class='ocr_line' id='line_1_17' title="bbox 697 2789 2032 2874; baseline 0.001 -21"><span class='ocrx_word' id='word_1_180' title='bbox 697 2791 838 2853; x_wconf 89' lang='lat' dir='ltr'>renciam</span> <span class='ocrx_word' id='word_1_181' title='bbox 863 2802 894 2853; x_wconf 89' lang='lat' dir='ltr'>et</span> <span class='ocrx_word' id='word_1_182' title='bbox 916 2789 1167 2853; x_wconf 88' lang='lat' dir='ltr'>substancialem</span> <span class='ocrx_word' id='word_1_183' title='bbox 1191 2802 1306 2853; x_wconf 87' lang='lat' dir='ltr'>nature</span> <span class='ocrx_word' id='word_1_184' title='bbox 1328 2789 1501 2867; x_wconf 88' lang='lat' dir='ltr'>inferioris,</span> <span class='ocrx_word' id='word_1_185' title='bbox 1522 2791 1605 2854; x_wconf 89' lang='lat' dir='ltr'>sicut</span> <span class='ocrx_word' id='word_1_186' title='bbox 1627 2805 1712 2874; x_wconf 89' lang='lat' dir='ltr'>patet</span> <span class='ocrx_word' id='word_1_187' title='bbox 1736 2791 1770 2854; x_wconf 94' lang='lat' dir='ltr'>in</span> <span class='ocrx_word' id='word_1_188' title='bbox 1792 2791 2032 2874; x_wconf 87' lang='lat' dir='ltr'>omnibusque</span> 
     </span>
     <span class='ocr_line' id='line_1_18' title="bbox 697 2896 2031 2981; baseline 0.001 -21"><span class='ocrx_word' id='word_1_189' title='bbox 697 2917 753 2981; x_wconf 94' lang='lat' dir='ltr'>per</span> <span class='ocrx_word' id='word_1_190' title='bbox 780 2896 921 2960; x_wconf 88' lang='lat' dir='ltr'>formam</span> <span class='ocrx_word' id='word_1_191' title='bbox 951 2910 982 2960; x_wconf 89' lang='lat' dir='ltr'>et</span> <span class='ocrx_word' id='word_1_192' title='bbox 1010 2897 1231 2961; x_wconf 87' lang='lat' dir='ltr'>substanciam</span> <span class='ocrx_word' id='word_1_193' title='bbox 1260 2910 1426 2980; x_wconf 89' lang='lat' dir='ltr'>generant.</span> <span class='ocrx_word' id='word_1_194' title='bbox 1457 2897 1577 2961; x_wconf 84' lang='lat' dir='ltr'>Adhuc</span> <span class='ocrx_word' id='word_1_195' title='bbox 1609 2911 1717 2961; x_wconf 89' lang='lat' dir='ltr'>tamen</span> <span class='ocrx_word' id='word_1_196' title='bbox 1752 2899 1906 2981; x_wconf 90' lang='lat' dir='ltr'>quamuis</span> <span class='ocrx_word' id='word_1_197' title='bbox 1937 2900 2031 2962; x_wconf 90' lang='lat' dir='ltr'>susti-</span> 
     </span>
     <span class='ocr_line' id='line_1_19' title="bbox 698 3003 2032 3089; baseline 0.002 -23"><span class='ocrx_word' id='word_1_198' title='bbox 698 3004 807 3067; x_wconf 89' lang='lat' dir='ltr'>nendo</span> <span class='ocrx_word' id='word_1_199' title='bbox 823 3004 1022 3088; x_wconf 89' lang='lat' dir='ltr'>posicionem</span> <span class='ocrx_word' id='word_1_200' title='bbox 1041 3005 1083 3067; x_wconf 92' lang='lat' dir='ltr'>ita</span> <span class='ocrx_word' id='word_1_201' title='bbox 1098 3004 1257 3078; x_wconf 90' lang='lat' dir='ltr'>dicamus,</span> <span class='ocrx_word' id='word_1_202' title='bbox 1274 3017 1383 3068; x_wconf 90' lang='lat' dir='ltr'>tamen</span> <span class='ocrx_word' id='word_1_203' title='bbox 1404 3024 1470 3068; x_wconf 90' lang='lat' dir='ltr'>non</span> <span class='ocrx_word' id='word_1_204' title='bbox 1488 3019 1534 3069; x_wconf 89' lang='lat' dir='ltr'>est</span> <span class='ocrx_word' id='word_1_205' title='bbox 1549 3003 1721 3088; x_wconf 88' lang='lat' dir='ltr'>probatum</span> <span class='ocrx_word' id='word_1_206' title='bbox 1738 3004 1800 3068; x_wconf 91' lang='lat' dir='ltr'>hoc</span> <span class='ocrx_word' id='word_1_207' title='bbox 1814 3005 1902 3089; x_wconf 91' lang='lat' dir='ltr'>quod</span> <span class='ocrx_word' id='word_1_208' title='bbox 1917 3005 2032 3069; x_wconf 91' lang='lat' dir='ltr'>dicunt</span> 
     </span>
    </p>

    <p class='ocr_par' dir='ltr' id='par_1_6' title="bbox 636 3111 2031 3282">
     <span class='ocr_line' id='line_1_20' title="bbox 636 3111 2031 3195; baseline 0.001 -20"><span class='ocrx_word' id='word_1_209' title='bbox 636 3143 668 3175; x_wconf 90' lang='lat'>20</span> <span class='ocrx_word' id='word_1_210' title='bbox 696 3131 810 3176; x_wconf 89' lang='lat' dir='ltr'>verum</span> <span class='ocrx_word' id='word_1_211' title='bbox 830 3131 910 3174; x_wconf 89' lang='lat' dir='ltr'>esse.</span> <span class='ocrx_word' id='word_1_212' title='bbox 932 3111 1122 3175; x_wconf 77' lang='lat' dir='ltr'>Absurdum</span> <span class='ocrx_word' id='word_1_213' title='bbox 1142 3131 1217 3194; x_wconf 88' lang='lat' dir='ltr'>ergo</span> <span class='ocrx_word' id='word_1_214' title='bbox 1237 3125 1284 3175; x_wconf 88' lang='lat' dir='ltr'>est</span> <span class='ocrx_word' id='word_1_215' title='bbox 1302 3113 1442 3175; x_wconf 91' lang='lat' dir='ltr'>omnino</span> <span class='ocrx_word' id='word_1_216' title='bbox 1462 3112 1525 3176; x_wconf 88' lang='lat' dir='ltr'>hoc</span> <span class='ocrx_word' id='word_1_217' title='bbox 1546 3113 1634 3195; x_wconf 93' lang='lat' dir='ltr'>quod</span> <span class='ocrx_word' id='word_1_218' title='bbox 1653 3113 1806 3177; x_wconf 87' lang='lat' dir='ltr'>dixerunt</span> <span class='ocrx_word' id='word_1_219' title='bbox 1830 3114 1863 3175; x_wconf 92' lang='lat' dir='ltr'>in</span> <span class='ocrx_word' id='word_1_220' title='bbox 1889 3113 2031 3176; x_wconf 89' lang='lat' dir='ltr'>secunda</span> 
     </span>
     <span class='ocr_line' id='line_1_21' title="bbox 697 3219 842 3282; baseline -0.007 0"><span class='ocrx_word' id='word_1_221' title='bbox 697 3219 842 3282; x_wconf 89' lang='lat' dir='ltr'>ficcione.</span> 
     </span>
    </p>
   </div>
   <div class='ocr_carea' id='block_1_4' title="bbox 1328 3514 1399 3598">
    <p class='ocr_par' dir='ltr' id='par_1_7' title="bbox 1328 3514 1399 3598">
     <span class='ocr_line' id='line_1_22' title="bbox 1328 3514 1399 3598; baseline 0.014 -22"><span class='ocrx_word' id='word_1_222' title='bbox 1328 3514 1399 3598; x_wconf 81' lang='lat'>[111]</span> 
     </span>
    </p>
   </div>
   <div class='ocr_carea' id='block_1_5' title="bbox 636 3755 2031 5244">
    <p class='ocr_par' dir='ltr' id='par_1_8' title="bbox 636 3755 2031 5244">
     <span class='ocr_line' id='line_1_23' title="bbox 777 3755 2031 3838; baseline 0.004 -21"><span class='ocrx_word' id='word_1_223' title='bbox 777 3755 874 3835; x_wconf 92' lang='lat' dir='ltr'>Quod</span> <span class='ocrx_word' id='word_1_224' title='bbox 893 3769 1002 3818; x_wconf 88' lang='lat' dir='ltr'>autern</span> <span class='ocrx_word' id='word_1_225' title='bbox 1023 3757 1121 3818; x_wconf 90' lang='lat' dir='ltr'>tercio</span> <span class='ocrx_word' id='word_1_226' title='bbox 1135 3755 1250 3818; x_wconf 89' lang='lat' dir='ltr'>dicunt</span> <span class='ocrx_word' id='word_1_227' title='bbox 1264 3755 1352 3838; x_wconf 92' lang='lat' dir='ltr'>quod</span> <span class='ocrx_word' id='word_1_228' title='bbox 1368 3755 1521 3818; x_wconf 91' lang='lat' dir='ltr'>voluntas</span> <span class='ocrx_word' id='word_1_229' title='bbox 1541 3755 1686 3820; x_wconf 91' lang='lat' dir='ltr'>hominis</span> <span class='ocrx_word' id='word_1_230' title='bbox 1701 3777 1739 3821; x_wconf 82' lang='lat' dir='ltr'>ex</span> <span class='ocrx_word' id='word_1_231' title='bbox 1755 3759 1940 3821; x_wconf 88' lang='lat' dir='ltr'>necessitate</span> <span class='ocrx_word' id='word_1_232' title='bbox 1959 3758 2031 3823; x_wconf 89' lang='lat' dir='ltr'>uult</span> 
     </span>
     <span class='ocr_line' id='line_1_24' title="bbox 697 3863 2030 3949; baseline 0.003 -24"><span class='ocrx_word' id='word_1_233' title='bbox 697 3875 728 3925; x_wconf 89' lang='lat' dir='ltr'>et</span> <span class='ocrx_word' id='word_1_234' title='bbox 742 3863 847 3945; x_wconf 89' lang='lat' dir='ltr'>elegit,</span> <span class='ocrx_word' id='word_1_235' title='bbox 865 3882 1035 3945; x_wconf 88' lang='lat' dir='ltr'>nunquam</span> <span class='ocrx_word' id='word_1_236' title='bbox 1054 3863 1159 3945; x_wconf 90' lang='lat' dir='ltr'>potuit</span> <span class='ocrx_word' id='word_1_237' title='bbox 1173 3863 1278 3927; x_wconf 89' lang='lat' dir='ltr'>dicere</span> <span class='ocrx_word' id='word_1_238' title='bbox 1293 3864 1355 3926; x_wconf 90' lang='lat' dir='ltr'>nisi</span> <span class='ocrx_word' id='word_1_239' title='bbox 1372 3863 1473 3926; x_wconf 91' lang='lat' dir='ltr'>homo</span> <span class='ocrx_word' id='word_1_240' title='bbox 1489 3864 1619 3946; x_wconf 86' lang='lat' dir='ltr'>penitus</span> <span class='ocrx_word' id='word_1_241' title='bbox 1633 3864 1814 3942; x_wconf 88' lang='lat' dir='ltr'>illiteratus,</span> <span class='ocrx_word' id='word_1_242' title='bbox 1828 3867 1905 3949; x_wconf 89' lang='lat' dir='ltr'>quia</span> <span class='ocrx_word' id='word_1_243' title='bbox 1920 3867 2030 3930; x_wconf 89' lang='lat' dir='ltr'>omnis</span> 
     </span>
     <span class='ocr_line' id='line_1_25' title="bbox 636 3970 2029 4057; baseline 0.001 -23"><span class='ocrx_word' id='word_1_244' title='bbox 636 3990 668 4034; x_wconf 81' lang='lat'>2⁵</span> <span class='ocrx_word' id='word_1_245' title='bbox 699 3973 783 4035; x_wconf 86' lang='lat' dir='ltr'>racio</span> <span class='ocrx_word' id='word_1_246' title='bbox 797 3984 828 4035; x_wconf 86' lang='lat' dir='ltr'>et</span> <span class='ocrx_word' id='word_1_247' title='bbox 842 3973 952 4034; x_wconf 89' lang='lat' dir='ltr'>omnis</span> <span class='ocrx_word' id='word_1_248' title='bbox 970 3970 1175 4034; x_wconf 88' lang='lat' dir='ltr'>ethnicorum</span> <span class='ocrx_word' id='word_1_249' title='bbox 1197 3970 1295 4047; x_wconf 89' lang='lat' dir='ltr'>scola,</span> <span class='ocrx_word' id='word_1_250' title='bbox 1311 3983 1377 4033; x_wconf 92' lang='lat' dir='ltr'>tam</span> <span class='ocrx_word' id='word_1_251' title='bbox 1399 3983 1583 4054; x_wconf 91' lang='lat' dir='ltr'>stoycorum</span> <span class='ocrx_word' id='word_1_252' title='bbox 1604 3992 1703 4054; x_wconf 88' lang='lat' dir='ltr'>quam</span> <span class='ocrx_word' id='word_1_253' title='bbox 1726 3974 2029 4057; x_wconf 87' lang='lat' dir='ltr'>perypateticorum,</span> 
     </span>
     <span class='ocr_line' id='line_1_26' title="bbox 697 4078 2031 4166; baseline 0.002 -24"><span class='ocrx_word' id='word_1_254' title='bbox 697 4080 816 4143; x_wconf 89' lang='lat' dir='ltr'>clamat</span> <span class='ocrx_word' id='word_1_255' title='bbox 837 4099 896 4142; x_wconf 94' lang='lat' dir='ltr'>nos</span> <span class='ocrx_word' id='word_1_256' title='bbox 911 4079 1064 4141; x_wconf 90' lang='lat' dir='ltr'>dominos</span> <span class='ocrx_word' id='word_1_257' title='bbox 1083 4098 1152 4141; x_wconf 89' lang='lat' dir='ltr'>esse</span> <span class='ocrx_word' id='word_1_258' title='bbox 1170 4092 1302 4141; x_wconf 88' lang='lat' dir='ltr'>actuum</span> <span class='ocrx_word' id='word_1_259' title='bbox 1320 4092 1519 4155; x_wconf 89' lang='lat' dir='ltr'>nostrorum,</span> <span class='ocrx_word' id='word_1_260' title='bbox 1535 4092 1565 4142; x_wconf 92' lang='lat' dir='ltr'>et</span> <span class='ocrx_word' id='word_1_261' title='bbox 1581 4078 1652 4143; x_wconf 92' lang='lat' dir='ltr'>ideo</span> <span class='ocrx_word' id='word_1_262' title='bbox 1668 4080 1847 4145; x_wconf 86' lang='lat' dir='ltr'>laudabiles</span> <span class='ocrx_word' id='word_1_263' title='bbox 1861 4095 1892 4145; x_wconf 93' lang='lat' dir='ltr'>et</span> <span class='ocrx_word' id='word_1_264' title='bbox 1906 4083 2031 4166; x_wconf 88' lang='lat' dir='ltr'>vitupe-</span> 
     </span>
     <span class='ocr_line' id='line_1_27' title="bbox 698 4185 2030 4270; baseline 0.003 -21"><span class='ocrx_word' id='word_1_265' title='bbox 698 4187 825 4250; x_wconf 91' lang='lat' dir='ltr'>rabiles.</span> <span class='ocrx_word' id='word_1_266' title='bbox 849 4185 1038 4270; x_wconf 92' lang='lat' dir='ltr'>Philosophi</span> <span class='ocrx_word' id='word_1_267' title='bbox 1058 4200 1165 4249; x_wconf 88' lang='lat' dir='ltr'>autem</span> <span class='ocrx_word' id='word_1_268' title='bbox 1182 4186 1222 4249; x_wconf 89' lang='lat' dir='ltr'>de</span> <span class='ocrx_word' id='word_1_269' title='bbox 1238 4199 1353 4249; x_wconf 90' lang='lat' dir='ltr'>natura</span> <span class='ocrx_word' id='word_1_270' title='bbox 1366 4188 1477 4249; x_wconf 87' lang='lat' dir='ltr'>anime</span> <span class='ocrx_word' id='word_1_271' title='bbox 1493 4186 1737 4263; x_wconf 74' lang='lat' dir='ltr'>raciocinanteS‚</span> <span class='ocrx_word' id='word_1_272' title='bbox 1755 4188 1788 4251; x_wconf 92' lang='lat' dir='ltr'>in</span> <span class='ocrx_word' id='word_1_273' title='bbox 1805 4188 1899 4253; x_wconf 91' lang='lat' dir='ltr'>hoca</span> <span class='ocrx_word' id='word_1_274' title='bbox 1915 4202 2030 4253; x_wconf 89' lang='lat' dir='ltr'>natura</span> 
     </span>
     <span class='ocr_line' id='line_1_28' title="bbox 697 4294 2027 4379; baseline 0.002 -22"><span class='ocrx_word' id='word_1_275' title='bbox 697 4294 879 4377; x_wconf 85' lang='lat' dir='ltr'>distingunt</span> <span class='ocrx_word' id='word_1_276' title='bbox 893 4294 1052 4370; x_wconf 88' lang='lat' dir='ltr'>animam,</span> <span class='ocrx_word' id='word_1_277' title='bbox 1068 4295 1145 4377; x_wconf 90' lang='lat' dir='ltr'>quia</span> <span class='ocrx_word' id='word_1_278' title='bbox 1161 4308 1274 4358; x_wconf 89' lang='lat' dir='ltr'>natura</span> <span class='ocrx_word' id='word_1_279' title='bbox 1290 4307 1337 4357; x_wconf 90' lang='lat' dir='ltr'>est</span> <span class='ocrx_word' id='word_1_280' title='bbox 1350 4294 1391 4357; x_wconf 87' lang='lat' dir='ltr'>ad</span> <span class='ocrx_word' id='word_1_281' title='bbox 1406 4314 1510 4357; x_wconf 85' lang='lat' dir='ltr'>vnum</span> <span class='ocrx_word' id='word_1_282' title='bbox 1528 4315 1583 4377; x_wconf 90' lang='lat' dir='ltr'>per</span> <span class='ocrx_word' id='word_1_283' title='bbox 1598 4315 1650 4372; x_wconf 84' lang='lat' dir='ltr'>se3</span> <span class='ocrx_word' id='word_1_284' title='bbox 1667 4295 1779 4359; x_wconf 88' lang='lat' dir='ltr'>anima</span> <span class='ocrx_word' id='word_1_285' title='bbox 1794 4315 1869 4359; x_wconf 89' lang='lat' dir='ltr'>vero</span> <span class='ocrx_word' id='word_1_286' title='bbox 1885 4296 2027 4379; x_wconf 91' lang='lat' dir='ltr'>plurium</span> 
     </span>
     <span class='ocr_line' id='line_1_29' title="bbox 698 4402 2027 4485; baseline 0.003 -21"><span class='ocrx_word' id='word_1_287' title='bbox 698 4422 753 4485; x_wconf 90' lang='lat' dir='ltr'>per</span> <span class='ocrx_word' id='word_1_288' title='bbox 779 4422 812 4464; x_wconf 92' lang='lat' dir='ltr'>se</span> <span class='ocrx_word' id='word_1_289' title='bbox 835 4402 1014 4484; x_wconf 86' lang='lat' dir='ltr'>operatiua,</span> <span class='ocrx_word' id='word_1_290' title='bbox 1038 4414 1069 4465; x_wconf 89' lang='lat' dir='ltr'>et</span> <span class='ocrx_word' id='word_1_291' title='bbox 1091 4403 1192 4465; x_wconf 90' lang='lat' dir='ltr'>eciam</span> <span class='ocrx_word' id='word_1_292' title='bbox 1219 4402 1455 4464; x_wconf 90' lang='lat' dir='ltr'>contrariorum</span> <span class='ocrx_word' id='word_1_293' title='bbox 1482 4416 1513 4466; x_wconf 90' lang='lat' dir='ltr'>et</span> <span class='ocrx_word' id='word_1_294' title='bbox 1535 4403 1859 4467; x_wconf 86' lang='lat' dir='ltr'>contradictoriorum</span> <span class='ocrx_word' id='word_1_295' title='bbox 1883 4404 2027 4469; x_wconf 85' lang='lat' dir='ltr'>electiua.</span> 
     </span>
     <span class='ocr_line' id='line_1_30' title="bbox 636 4508 2030 4595; baseline 0.004 -24"><span class='ocrx_word' id='word_1_296' title='bbox 636 4529 669 4572; x_wconf 78' lang='lat' dir='ltr'>so</span> <span class='ocrx_word' id='word_1_297' title='bbox 697 4511 847 4591; x_wconf 88' lang='lat' dir='ltr'>Quorum</span> <span class='ocrx_word' id='word_1_298' title='bbox 870 4508 953 4572; x_wconf 90' lang='lat' dir='ltr'>nihil</span> <span class='ocrx_word' id='word_1_299' title='bbox 973 4523 1019 4572; x_wconf 91' lang='lat' dir='ltr'>est</span> <span class='ocrx_word' id='word_1_300' title='bbox 1034 4529 1146 4572; x_wconf 88' lang='lat' dir='ltr'>verum</span> <span class='ocrx_word' id='word_1_301' title='bbox 1164 4510 1189 4572; x_wconf 91' lang='lat' dir='ltr'>si</span> <span class='ocrx_word' id='word_1_302' title='bbox 1206 4510 1267 4573; x_wconf 93' lang='lat' dir='ltr'>hoc</span> <span class='ocrx_word' id='word_1_303' title='bbox 1286 4530 1324 4573; x_wconf 84' lang='lat' dir='ltr'>ex</span> <span class='ocrx_word' id='word_1_304' title='bbox 1345 4512 1531 4575; x_wconf 89' lang='lat' dir='ltr'>necessitate</span> <span class='ocrx_word' id='word_1_305' title='bbox 1551 4511 1623 4574; x_wconf 91' lang='lat' dir='ltr'>uult</span> <span class='ocrx_word' id='word_1_306' title='bbox 1637 4511 1725 4594; x_wconf 91' lang='lat' dir='ltr'>quod</span> <span class='ocrx_word' id='word_1_307' title='bbox 1745 4511 1828 4585; x_wconf 91' lang='lat' dir='ltr'>uult,</span> <span class='ocrx_word' id='word_1_308' title='bbox 1845 4524 1875 4575; x_wconf 89' lang='lat' dir='ltr'>et</span> <span class='ocrx_word' id='word_1_309' title='bbox 1890 4512 1978 4595; x_wconf 89' lang='lat' dir='ltr'>eligit</span> <span class='ocrx_word' id='word_1_310' title='bbox 1991 4531 2030 4577; x_wconf 88' lang='lat' dir='ltr'>ex</span> 
     </span>
     <span class='ocr_line' id='line_1_31' title="bbox 700 4616 1099 4700; baseline -0.005 -20"><span class='ocrx_word' id='word_1_311' title='bbox 700 4619 885 4681; x_wconf 89' lang='lat' dir='ltr'>necessitate</span> <span class='ocrx_word' id='word_1_312' title='bbox 899 4616 986 4700; x_wconf 88' lang='lat' dir='ltr'>quod</span> <span class='ocrx_word' id='word_1_313' title='bbox 1002 4616 1099 4700; x_wconf 91' lang='lat' dir='ltr'>eligit.</span> 
     </span>
     <span class='ocr_line' id='line_1_32' title="bbox 777 4725 2028 4808; baseline 0.003 -21"><span class='ocrx_word' id='word_1_314' title='bbox 777 4725 908 4798; x_wconf 87' lang='lat' dir='ltr'>Adhuc,</span> <span class='ocrx_word' id='word_1_315' title='bbox 931 4725 957 4786; x_wconf 92' lang='lat' dir='ltr'>si</span> <span class='ocrx_word' id='word_1_316' title='bbox 980 4744 1092 4787; x_wconf 91' lang='lat' dir='ltr'>verum</span> <span class='ocrx_word' id='word_1_317' title='bbox 1115 4725 1270 4808; x_wconf 86' lang='lat' dir='ltr'>estquod</span> <span class='ocrx_word' id='word_1_318' title='bbox 1293 4725 1418 4801; x_wconf 87' lang='lat' dir='ltr'>dicunt,</span> <span class='ocrx_word' id='word_1_319' title='bbox 1441 4726 1506 4788; x_wconf 89' lang='lat' dir='ltr'>iarn</span> <span class='ocrx_word' id='word_1_320' title='bbox 1529 4725 1681 4788; x_wconf 91' lang='lat' dir='ltr'>voluntas</span> <span class='ocrx_word' id='word_1_321' title='bbox 1706 4745 1772 4789; x_wconf 90' lang='lat' dir='ltr'>non</span> <span class='ocrx_word' id='word_1_322' title='bbox 1797 4740 1843 4790; x_wconf 89' lang='lat' dir='ltr'>est</span> <span class='ocrx_word' id='word_1_323' title='bbox 1864 4727 2028 4804; x_wconf 88' lang='lat' dir='ltr'>voluntas,</span> 
     </span>
     <span class='ocr_line' id='line_1_33' title="bbox 697 4831 2030 4918; baseline 0.002 -23"><span class='ocrx_word' id='word_1_324' title='bbox 697 4831 786 4915; x_wconf 93' lang='lat' dir='ltr'>quod</span> <span class='ocrx_word' id='word_1_325' title='bbox 811 4844 896 4915; x_wconf 87' lang='lat' dir='ltr'>patet</span> <span class='ocrx_word' id='word_1_326' title='bbox 918 4831 952 4893; x_wconf 88' lang='lat' dir='ltr'>in</span> <span class='ocrx_word' id='word_1_327' title='bbox 980 4831 1123 4896; x_wconf 89' lang='lat' dir='ltr'>hermete</span> <span class='ocrx_word' id='word_1_328' title='bbox 1146 4833 1313 4915; x_wconf 87' lang='lat' dir='ltr'>trimegisti</span> <span class='ocrx_word' id='word_1_329' title='bbox 1337 4846 1368 4897; x_wconf 90' lang='lat' dir='ltr'>et</span> <span class='ocrx_word' id='word_1_330' title='bbox 1390 4832 1550 4897; x_wconf 90' lang='lat' dir='ltr'>aristotele</span> <span class='ocrx_word' id='word_1_331' title='bbox 1573 4848 1604 4897; x_wconf 90' lang='lat' dir='ltr'>et</span> <span class='ocrx_word' id='word_1_332' title='bbox 1628 4835 1660 4896; x_wconf 91' lang='lat' dir='ltr'>in</span> <span class='ocrx_word' id='word_1_333' title='bbox 1685 4834 1841 4897; x_wconf 89' lang='lat' dir='ltr'>omnibus</span> <span class='ocrx_word' id='word_1_334' title='bbox 1867 4835 1923 4918; x_wconf 91' lang='lat' dir='ltr'>qui</span> <span class='ocrx_word' id='word_1_335' title='bbox 1951 4836 1985 4898; x_wconf 90' lang='lat' dir='ltr'>in</span> <span class='ocrx_word' id='word_1_336' title='bbox 2009 4855 2030 4898; x_wconf 87' lang='lat' dir='ltr'><strong>x</strong></span> 
     </span>
     <span class='ocr_line' id='line_1_34' title="bbox 697 4938 2029 5025; baseline 0.002 -22"><span class='ocrx_word' id='word_1_337' title='bbox 697 4938 868 5003; x_wconf 88' lang='lat' dir='ltr'>ordinibus</span> <span class='ocrx_word' id='word_1_338' title='bbox 901 4952 1032 5002; x_wconf 89' lang='lat' dir='ltr'>naturas</span> <span class='ocrx_word' id='word_1_339' title='bbox 1060 4940 1294 5017; x_wconf 77' lang='lat' dir='ltr'>distinxerunt,</span> <span class='ocrx_word' id='word_1_340' title='bbox 1325 4942 1357 5003; x_wconf 90' lang='lat' dir='ltr'>in</span> <span class='ocrx_word' id='word_1_341' title='bbox 1386 4961 1451 5025; x_wconf 87' lang='lat' dir='ltr'>qua</span> <span class='ocrx_word' id='word_1_342' title='bbox 1478 4941 1691 5005; x_wconf 87' lang='lat' dir='ltr'>distinccione</span> <span class='ocrx_word' id='word_1_343' title='bbox 1723 4961 1850 5025; x_wconf 89' lang='lat' dir='ltr'>semper</span> <span class='ocrx_word' id='word_1_344' title='bbox 1877 4942 2029 5006; x_wconf 86' lang='lat' dir='ltr'>voluntas</span> 
     </span>
     <span class='ocr_line' id='line_1_35' title="bbox 637 5048 1155 5112; baseline 0.002 -3"><span class='ocrx_word' id='word_1_345' title='bbox 637 5065 668 5109; x_wconf 83' lang='lat'>³5</span> <span class='ocrx_word' id='word_1_346' title='bbox 697 5068 715 5111; x_wconf 90' lang='lat' dir='ltr'>a</span> <span class='ocrx_word' id='word_1_347' title='bbox 731 5049 918 5111; x_wconf 87' lang='lat' dir='ltr'>necessitate</span> <span class='ocrx_word' id='word_1_348' title='bbox 932 5048 1083 5112; x_wconf 87' lang='lat' dir='ltr'>distincta</span> <span class='ocrx_word' id='word_1_349' title='bbox 1098 5061 1155 5111; x_wconf 90' lang='lat' dir='ltr'>est.</span> 
     </span>
     <span class='ocr_line' id='line_1_36' title="bbox 778 5155 2027 5244; baseline 0.002 -24"><span class='ocrx_word' id='word_1_350' title='bbox 778 5155 895 5220; x_wconf 78' lang='lat' dir='ltr'>Adhuc</span> <span class='ocrx_word' id='word_1_351' title='bbox 915 5155 1095 5221; x_wconf 89' lang='lat' dir='ltr'>secundum</span> <span class='ocrx_word' id='word_1_352' title='bbox 1116 5155 1178 5221; x_wconf 91' lang='lat' dir='ltr'>hoc</span> <span class='ocrx_word' id='word_1_353' title='bbox 1198 5155 1328 5219; x_wconf 88' lang='lat' dir='ltr'>fortuna</span> <span class='ocrx_word' id='word_1_354' title='bbox 1351 5176 1416 5220; x_wconf 91' lang='lat' dir='ltr'>non</span> <span class='ocrx_word' id='word_1_355' title='bbox 1438 5170 1484 5222; x_wconf 88' lang='lat' dir='ltr'>est</span> <span class='ocrx_word' id='word_1_356' title='bbox 1499 5156 1538 5223; x_wconf 85' lang='lat' dir='ltr'>de</span> <span class='ocrx_word' id='word_1_357' title='bbox 1558 5156 1698 5244; x_wconf 90' lang='lat' dir='ltr'>hiisque</span> <span class='ocrx_word' id='word_1_358' title='bbox 1718 5157 1801 5222; x_wconf 89' lang='lat' dir='ltr'>liunt</span> <span class='ocrx_word' id='word_1_359' title='bbox 1816 5179 1835 5223; x_wconf 93' lang='lat' dir='ltr'>a</span> <span class='ocrx_word' id='word_1_360' title='bbox 1850 5160 2027 5243; x_wconf 89' lang='lat' dir='ltr'>proposito,</span> 
     </span>
    </p>
   </div>
   <div class='ocr_carea' id='block_1_6' title="bbox 0 0 2451 6532">
    <p class='ocr_par' dir='ltr' id='par_1_9' title="bbox 0 0 2451 6532">
     <span class='ocr_line' id='line_1_37' title="bbox 0 0 2451 6532; baseline 0 0"><span class='ocrx_word' id='word_1_361' title='bbox 0 0 2451 6532; x_wconf 95' lang='lat' dir='ltr'> </span> 
     </span>
    </p>
   </div>
  </div>
 </body>
</html>
