4880 6546
684 892 788 945 ccxxx

686 1071 832 1139 finalite.
856 1073 912 1140 On
933 1072 1130 1162 comprend
1151 1074 1212 1141 dds
1233 1069 1408 1162 lorsque,
1433 1069 1565 1142 n'etant
1586 1096 1648 1164 pas
1671 1070 1701 1144 la
1724 1098 1827 1145 cause
1848 1068 2020 1146 efficiente

684 1189 732 1255 du
756 1191 886 1256 monde
908 1187 1092 1270 inferieur,
1116 1189 1139 1256 il
1163 1211 1206 1257 ne
1229 1191 1363 1258 saurait
1383 1212 1427 1258 en
1448 1191 1548 1259 avoir
1573 1193 1608 1259 ni
1634 1192 1666 1260 la
1689 1194 1958 1274 connaissance,
1982 1194 2018 1261 ni

685 1303 999 1373 l'administration
1019 1306 1328 1394 providentietle1.

774 1538 844 1605 Sur
865 1539 897 1605 la
918 1540 1082 1627 question
1103 1538 1146 1606 de
1167 1540 1337 1608 l'eternite
1358 1542 1405 1607 du
1430 1540 1575 1622 monde,
1598 1562 1689 1609 nous
1710 1563 1868 1610 summes
1887 1542 2019 1630 ample-

685 1668 785 1721 ment
815 1656 1017 1744 renseignes
1047 1676 1111 1744 par
1142 1656 1191 1723 les
1221 1656 1325 1724 ecrits
1355 1658 1397 1724 de
1428 1657 1540 1745 Siger.
1574 1659 1674 1725 Nous
1704 1681 1727 1747 y
1758 1673 1943 1739 trouvons,
1974 1680 2018 1726 en

683 1769 776 1852 effet,
803 1785 890 1839 cette
907 1772 1004 1838 these
1028 1772 1148 1840 traitee
1172 1774 1265 1840 deux
1290 1771 1358 1840 sois
1380 1794 1463 1841 avec
1487 1773 1536 1840 les
1556 1772 1869 1863 'developpements
1892 1775 2020 1863 qu'elie

683 1902 878 1976 comporte.

775 2005 854 2072 Une
880 2005 1054 2092 premiere
1080 2003 1160 2087 fois,
1188 2005 1210 2071 ii
1237 2005 1359 2073 etabiit
1384 2005 1415 2073 le
1441 2004 1504 2074 fait
1529 2008 1571 2073 de
1599 2006 1769 2075 l’eternitd
1794 2009 1855 2075 des
1880 2009 2019 2095 espdces

684 2121 920 2209 corruptibies
945 2122 1007 2209 qui
1035 2121 1253 2189 constituent
1281 2122 1311 2189 le
1340 2123 1471 2190 monde
1495 2121 1683 2204 insitiens,
1710 2137 1744 2191 et
1770 2145 1840 2191 une
1868 2126 2019 2192 seconde

684 2235 751 2305 fois
773 2237 797 2303 ii
819 2237 1006 2305 dimontre
1029 2239 1060 2305 la
1084 2239 1200 2305 meme
1222 2238 1357 2306 theorie
1381 2259 1472 2326 pour
1493 2239 1542 2307 ies
1563 2241 1770 2308 substances
1792 2240 1951 2328 separees
1971 2261 2017 2308 ou

683 2361 909 2450 spirituelles.
939 2362 988 2429 La
1014 2362 1187 2450 premiere
1213 2363 1310 2430 thdse
1335 2376 1387 2430 est
1412 2362 1663 2451 specialement
1691 2364 1901 2452 developpee
1929 2366 2019 2432 dans

686 2477 717 2545 la
736 2480 901 2565 question
921 2480 975 2546 De
994 2481 1208 2546 aeternitate
1226 2480 1372 2556 Mundi,
1395 2479 1428 2546 la
1447 2481 1597 2547 seconde
1618 2481 1708 2547 dans
1729 2482 1822 2547 deux
1841 2480 2019 2569 chapitres

683 2596 731 2660 du
759 2596 812 2662 De
835 2596 972 2662 Anima
1000 2594 1228 2663 intellectiva.
1256 2594 1346 2662 Mais
1371 2597 1461 2663 dans
1487 2595 1561 2662 l'un
1586 2611 1619 2663 et
1646 2596 1769 2663 l'autre
1794 2597 1965 2677 endroits,
1994 2597 2016 2663 il

682 2710 776 2778 emet
796 2731 839 2777 en
864 2725 966 2778 outre
989 2711 1161 2799 quelques
1185 2711 1363 2799 principes
1386 2711 1565 2799 gene'raux
1588 2713 1813 2779 embrassant
1836 2713 1866 2780 le
1891 2711 1953 2779 fait
1976 2714 2018 2780 de

683 2825 853 2894 i'eterniti
879 2829 939 2894 des
964 2828 1103 2914 especes
1128 2827 1341 2915 spirituelles
1367 2841 1400 2894 et
1425 2829 1485 2895 des
1510 2829 1649 2915 especes
1677 2828 1923 2916 corruptibles,
1953 2850 2018 2916 par

682 2943 855 3031 exemple‚
878 2945 999 3032 quand
1024 2944 1048 3009 il
1070 2943 1205 3011 deciate
1228 2944 1315 3032 qu'ii
1340 2944 1399 3033 n'y
1421 2965 1441 3011 a
1464 2964 1603 3011 aucune
1628 2945 1745 3011 raison
1770 2966 1862 3032 pour
1884 2945 2018 3033 qu'une

682 3060 802 3147 espece
828 3060 953 3127 d’etres
979 3080 1187 3127 commence
1210 3060 1230 3125 a
1253 3060 1393 3140 existet,
1420 3060 1449 3127 si
1473 3060 1538 3128 elle
1563 3061 1619 3127 n'a
1645 3081 1708 3148 pas
1734 3062 1896 3147 toujours
1921 3061 1973 3129 eti
1992 3067 2015 3126 ².

773 3178 822 3242 La
849 3176 1014 3263 question
1041 3177 1095 3243 De
1119 3177 1334 3243 aeternitate
1360 3177 1495 3244 Mundi
1522 3176 1642 3243 etablit
1670 3176 1921 3264 specialement
1949 3199 2018 3265 que

683 3292 732 3358 les
751 3292 890 3379 especes
909 3291 930 3358 a
950 3292 1131 3359 individus
1152 3292 1385 3374 transitoires,
1406 3293 1475 3360 soit
1495 3292 1544 3359 les
1563 3293 1702 3381 especes
1721 3306 1915 3374 terrestres,
1937 3306 2018 3361 sont

772 3562 781 3593 ¹
801 3559 966 3616 Dicendum
985 3559 1066 3631 quod
1083 3559 1161 3615 Deus
1179 3576 1239 3615 non
1258 3570 1301 3615 est
1318 3575 1406 3615 causa
1420 3559 1556 3615 omnium
1571 3559 1683 3616 entium
1703 3559 1732 3614 in
1751 3575 1853 3630 genere
1871 3560 2016 3625 materiae,

682 3649 815 3722 eoquod
837 3649 956 3706 materia
976 3649 1005 3704 in
1028 3665 1082 3705 suo
1102 3665 1165 3704 esse
1184 3648 1320 3704 innititur
1339 3649 1396 3716 alii,
1419 3649 1495 3705 sicut
1515 3649 1636 3715 formae,
1657 3660 1685 3704 et
1705 3648 1830 3705 efficitur
1851 3648 1879 3703 in
1900 3665 1961 3704 esse
1981 3650 2017 3703 ab

682 3752 794 3811 agente.
817 3740 922 3795 Forma
944 3740 1031 3795 etiam
1052 3750 1198 3810 quantum
1219 3737 1255 3792 ad
1276 3754 1338 3794 esse
1358 3754 1446 3794 suum
1471 3737 1613 3794 fundatur
1636 3738 1664 3792 in
1688 3737 1806 3793 materia
1826 3749 1853 3793 et
1873 3737 2018 3810 dependet

681 3846 716 3885 ex
737 3845 770 3884 ea
792 3841 820 3884 et
841 3827 966 3885 efficitur
987 3845 1021 3883 ex
1043 3840 1167 3899 agente:
1189 3844 1265 3899 quae
1284 3827 1385 3883 omnia
1405 3828 1509 3883 rationi
1531 3827 1640 3900 primae
1660 3844 1764 3883 causae
1786 3839 1959 3899 repugnant.
1983 3826 2017 3882 Et

682 3918 748 3974 ideo
768 3934 828 3974 non
848 3930 892 3974 est
910 3934 999 3974 causa
1019 3918 1048 3972 in
1070 3920 1126 3973 hoc
1145 3932 1248 3988 genere
1267 3933 1371 3973 causae
1390 3933 1443 3972 nec
1465 3917 1494 3972 in
1516 3916 1575 3983 ilio,
1595 3917 1644 3972 sed
1665 3926 1709 3973 est
1726 3933 1814 3972 causa
1831 3917 1967 3972 omnium
1987 3915 2015 3970 in

681 4022 783 4078 genere
798 4007 875 4063 finis.
892 4005 1000 4062 Omnia
1013 4006 1092 4063 enim
1108 4006 1231 4062 finaliter
1246 4005 1387 4078 quicquid
1404 4019 1495 4077 agunt
1511 4019 1627 4078 propter
1642 4007 1741 4078 ipsum
1756 4018 1858 4076 agunt,
1875 4018 1909 4062 ut
1922 4004 2016 4060 eidem

682 4095 880 4153 assimilentur
902 4096 1066 4152 secundum
1090 4095 1171 4166 quod
1195 4095 1250 4150 sibi
1273 4095 1421 4167 possibile,
1441 4108 1468 4152 et
1488 4111 1684 4168 quaecunque
1707 4107 1872 4160 moventur,
1894 4095 1930 4149 ab
1953 4094 2017 4167 ipso

682 4185 805 4241 finaliter
820 4198 985 4242 moventur.
1002 4184 1110 4240 Omnia
1124 4183 1202 4240 enim
1218 4185 1307 4240 deum
1323 4196 1474 4256 appetunt.
1491 4184 1548 4253 Die
1563 4183 1774 4256 Impossibilia,
1792 4201 1819 4256 p.
1837 4183 1892 4242 5-6.

771 4275 931 4348 Comparez
948 4287 1021 4331 cette
1038 4274 1170 4330 doctrine
1193 4290 1260 4329 avec
1281 4276 1319 4329 les
1338 4274 1537 4346 propositions
1554 4274 1750 4329 condamnees
1767 4290 1802 4328 en
1825 4289 1909 4345 1277:
1923 4273 2014 4343 —43.

682 4364 770 4434 Quod
783 4365 912 4437 primum
929 4364 1106 4436 principium
1122 4380 1182 4419 non
1195 4376 1290 4435 potest
1300 4380 1362 4419 esse
1377 4380 1465 4420 eausa
1475 4362 1656 4419 diversorum
1669 4363 1814 4418 sactorum
1827 4363 1873 4418 hic
1884 4362 2015 4429 inferius,

683 4455 738 4510 nisi
764 4454 962 4511 mediantibus
986 4454 1049 4509 aliis
1073 4454 1181 4521 causis,
1201 4470 1235 4509 eo
1257 4453 1338 4524 quod
1358 4454 1474 4509 nullum
1493 4465 1694 4509 transmutans
1712 4452 1907 4508 diversimode
1925 4464 2017 4508 trans-

683 4556 788 4611 mutat,
799 4543 853 4599 nisi
863 4555 1104 4600 transmutatum.
1114 4573 1148 4584 —
1156 4543 1200 4614 46.
1211 4543 1309 4613 Quod,
1320 4542 1397 4599 sicut
1407 4560 1440 4598 ex
1451 4542 1569 4599 materia
1581 4559 1640 4597 non
1653 4553 1747 4614 potest
1761 4541 1871 4613 aliquid
1881 4541 1939 4597 tieri
1954 4541 2016 4596 sine

682 4647 793 4705 agente,
813 4633 852 4690 ita
871 4650 922 4688 nec
940 4650 974 4687 ex
992 4646 1093 4703 agente
1107 4645 1202 4704 potest
1217 4632 1327 4703 aliquid
1342 4632 1401 4687 fieri
1416 4633 1477 4687 sine
1494 4632 1630 4697 materia;
1645 4643 1682 4697 et,
1698 4631 1779 4702 quod
1800 4632 1876 4687 Deus
1895 4648 1954 4686 non
1973 4642 2016 4686 est

682 4739 770 4778 causa
782 4722 910 4777 efficiens
925 4722 979 4777 nisi
994 4734 1125 4794 respectu
1136 4722 1199 4790 ejus
1212 4721 1292 4792 quod
1307 4722 1392 4778 habet
1401 4738 1463 4777 esse
1475 4722 1504 4776 in
1519 4721 1649 4793 potentia
1661 4720 1788 4776 materie.
1800 4752 1833 4761 —-
1845 4720 1902 4775 138.
1916 4719 2014 4788 Quod,

682 4829 751 4869 curn
767 4813 844 4867 Deus
859 4827 918 4866 non
934 4824 1120 4883 comparetur
1134 4811 1170 4865 ad
1186 4811 1263 4866 entia
1277 4811 1305 4865 in
1321 4811 1430 4866 ratione
1443 4827 1530 4866 cause
1550 4810 1704 4866 materialis
1719 4811 1762 4865 vei
1779 4809 1909 4864 formatis
1912 4851 1966 4865 .....
1982 4840 2016 4848 -

682 4919 725 4975 92.
746 4902 833 4972 Quod
852 4916 974 4973 corpora
994 4901 1109 4956 celestia
1127 4912 1283 4956 moventur
1302 4917 1318 4955 a
1339 4900 1483 4972 principio
1504 4900 1671 4966 intrinseca,
1690 4900 1771 4971 quod
1790 4911 1833 4955 est
1851 4899 1967 4963 anima3
1988 4910 2015 4954 et

682 4991 763 5063 quod
788 5003 944 5046 moventur
967 5006 1015 5062 per
1036 4990 1166 5044 animant
1189 5003 1217 5045 et
1240 5006 1289 5061 per
1310 4989 1447 5045 virtutem
1470 4989 1668 5061 appetitivam,
1693 4989 1767 5044 sicut
1790 4988 1909 5043 animal.
1933 4987 2016 5043 Sicut

682 5080 760 5134 enirn
779 5080 886 5134 animai
905 5093 1044 5151 appetens
1063 5092 1207 5142 movetur,
1227 5080 1265 5134 ita
1283 5092 1310 5135 et
1328 5081 1434 5134 celum.
1455 5078 1558 5133 Chart.
1581 5077 1667 5133 Unio.
1685 5077 1796 5143 Paris,
1818 5077 1839 5143 1,
1862 5079 1880 5132 Ι.
1899 5093 1923 5131 c.

771 5168 782 5201 ¹
801 5168 998 5241 Appendices,
1016 5184 1043 5240 p.
1065 5184 1123 5234 ior,
1141 5169 1158 5222 Ι.
1175 5169 1219 5223 25.
