4872 6552
981 902 1185 985 ..75-

416 1091 518 1168 ribus‚
542 1103 573 1155 et
595 1089 684 1174 quod
709 1108 809 1155 omne
831 1109 890 1154 ens
911 1108 930 1154 a
951 1089 1012 1154 deo
1035 1100 1203 1152 causatum
1229 1100 1288 1164 est,
1312 1107 1370 1153 nec
1394 1107 1463 1154 non
1487 1088 1658 1152 hominem
1683 1107 1752 1154 esse

415 1195 549 1281 aliquod
572 1217 630 1261 ens
655 1197 771 1261 mundi
796 1210 827 1261 et
849 1217 867 1261 a
892 1196 952 1260 deo
974 1209 1156 1260 causatum.
1185 1195 1247 1259 Sed
1274 1215 1350 1259 cum
1378 1194 1526 1271 infertur,
1550 1214 1626 1279 ergo
1648 1194 1751 1259 homo

415 1304 516 1369 exiuit
538 1304 571 1366 in
594 1323 662 1368 esse
683 1304 716 1366 in
738 1305 850 1387 aliquo
874 1302 1048 1368 indiuiduo
1070 1302 1296 1379 determinato,
1317 1302 1494 1366 dicendum
1516 1314 1564 1366 est
1582 1303 1670 1385 quod
1693 1301 1752 1365 hec

417 1411 519 1475 illatio
546 1410 637 1475 nulla
660 1424 707 1475 est
730 1431 769 1475 ex
793 1412 970 1495 premissis,
996 1411 1051 1474 sed
1078 1430 1111 1474 se
1137 1411 1241 1493 ipsam
1269 1410 1441 1493 impendit.
1470 1409 1636 1493 Excipitur
1661 1411 1750 1473 enim

417 1520 524 1602 primo
545 1517 632 1602 quod
658 1519 759 1582 homo
781 1538 848 1582 non
874 1518 970 1583 habet
990 1538 1059 1582 esse
1080 1518 1143 1581 nisi
1167 1519 1200 1580 in
1223 1517 1456 1600 singularibus,
1481 1537 1539 1581 nec
1561 1518 1698 1592 causari,
1721 1530 1752 1580 et
1781 1532 1794 1578 5

416 1639 542 1691 constat
555 1625 644 1711 quod
659 1646 724 1709 qua
744 1627 871 1690 racione
891 1626 987 1690 habet
1006 1645 1074 1690 esse
1093 1639 1124 1689 et
1141 1626 1266 1689 causari
1287 1645 1342 1709 per
1356 1645 1460 1688 vnum
1481 1639 1511 1690 et
1532 1644 1586 1708 per
1600 1625 1749 1688 alterum.
1834 1621 1842 1633 '

416 1733 502 1814 Quia
521 1753 595 1817 ergo
614 1732 821 1798 concluditur
834 1733 923 1817 quod
942 1746 1067 1816 oportet
1085 1732 1174 1817 quod
1194 1733 1296 1796 homo
1314 1733 1426 1796 exierit
1446 1734 1479 1796 in
1499 1752 1568 1795 esse
1587 1733 1621 1794 in
1642 1730 1752 1814 aliquo

418 1841 591 1905 indiuiduo
605 1842 833 1918 determinat0,
854 1843 958 1905 immo
977 1841 1158 1905 secundum
1180 1840 1406 1924 philosophos,
1427 1854 1463 1904 ut
1483 1853 1568 1923 patet
1586 1859 1625 1903 ex
1644 1838 1751 1915 dictis,

416 1949 517 2013 exiuit
539 1949 572 2011 in
594 1968 662 2013 esse
684 1950 805 2032 species
827 1949 973 2013 humana
996 1968 1051 2033 per
1071 1948 1231 2024 accidens,
1253 1949 1465 2031 generacione
1489 1946 1653 2010 indiuidui
1677 1959 1753 2010 ante

417 2055 628 2119 indiuiduum
651 2055 832 2133 infinitum,
850 2076 917 2120 non
933 2058 967 2119 in
982 2056 1094 2139 aliquo
1115 2055 1288 2119 indiuiduo
1303 2055 1517 2119 determinato
1537 2054 1658 2130 solum,
1674 2073 1750 2117 cunr
1783 2081 1813 2113 lo

417 2163 546 2246 penitus
562 2181 628 2225 non
646 2162 825 2245 prefuisset.
843 2163 940 2227 Vnde
960 2164 1149 2227 mirandum
1165 2176 1213 2227 est
1227 2163 1266 2226 de
1281 2164 1327 2226 sic
1341 2162 1552 2246 arguentibus
1566 2182 1641 2226 curn
1661 2163 1750 2225 enim

416 2271 519 2335 velint
540 2289 672 2353 arguere
693 2272 831 2354 speciem
856 2270 1036 2335 humanam
1063 2272 1221 2353 incepisse
1243 2291 1299 2355 per
1319 2273 1389 2334 eius
1413 2270 1606 2346 {accionem
1629 2283 1659 2332 et
1684 2288 1750 2332 non

417 2380 458 2442 sit
479 2398 534 2462 per
556 2398 589 2442 se
613 2378 744 2455 factam,
767 2378 821 2442 sed
847 2377 991 2442 faccione
1015 2378 1192 2455 indiuidui,
1215 2392 1252 2442 ut
1275 2377 1427 2442 fatentur.
1453 2377 1505 2440 Ad
1528 2378 1749 2441 ostensionem

417 2506 474 2549 sue
503 2487 715 2563 intencionis‚
744 2486 896 2550 deberent
925 2486 1085 2550 declarare
1119 2506 1186 2550 non
1215 2505 1284 2550 esse
1314 2498 1503 2569 generatum
1538 2483 1750 2548 indiuiduum

418 2595 501 2676 [742
526 2591 587 2656 col.
610 2593 654 2675 a]
681 2605 756 2656 ante
783 2592 994 2657 indiuiduum
1024 2593 1204 2657 inlinitum.
1233 2593 1305 2657 Hoc
1329 2593 1454 2675 autemj
1466 2612 1534 2655 non
1560 2592 1750 2668 ostendunt,
1783 2606 1812 2650 15

417 2699 472 2763 sed
500 2719 605 2763 vnum
635 2700 755 2763 salsum
785 2714 990 2783 supponunt,
1017 2701 1105 2784 quod
1135 2702 1256 2784 species
1284 2700 1430 2763 humana
1460 2719 1526 2763 non
1557 2699 1658 2782 possit
1684 2718 1752 2762 esse

417 2806 500 2871 lacta
524 2810 721 2890 sempiterna
744 2828 762 2871 a
786 2807 859 2884 deo,
885 2809 946 2871 nisi
972 2808 1054 2872 lacta
1079 2810 1120 2872 sit
1144 2810 1177 2871 in
1202 2807 1313 2892 aliquo
1341 2807 1514 2870 indiuiduo
1537 2805 1752 2869 determinato

416 2928 448 2979 et
461 2928 584 2993 eterno,
600 2917 682 2979 sicut
702 2916 823 2999 species
836 2915 895 2979 celi
911 2916 995 2979 facta
1008 2929 1057 2980 est
1070 2929 1200 2993 eterna;
1216 2931 1335 2980 etcum
1353 2917 1387 2978 in
1404 2910 1586 2978 indluiduis
1605 2912 1751 2976 hominis

418 3021 547 3086 nullum
570 3036 718 3086 eternum
742 3024 925 3101 inueniant,
947 3038 1050 3089 totam
1073 3026 1212 3107 speciem
1236 3003 1405 3106 incepisse,
1427 3041 1502 3085 cum
1529 3021 1658 3104 penitus
1683 3039 1750 3083 non

417 3128 597 3213 prefuisset,
612 3129 782 3195 deuenisse
803 3144 918 3215 putant
937 3131 1054 3196 friuola
1074 3133 1202 3195 racione
1217 3132 1351 3213 decepti.
1373 3130 1448 3193 Non
1467 3148 1627 3192 conamur
1641 3140 1749 3190 autem
1781 3154 1813 3186 ιο

418 3237 478 3300 hoc
497 3238 684 3321 oppositum
704 3239 925 3303 conclusionis
945 3239 1104 3323 adquam
1127 3252 1269 3322 arguunt
1287 3237 1467 3313 ostendere,
1487 3237 1541 3300 sed
1564 3234 1672 3298 solum
1695 3254 1751 3298 sue

417 3344 557 3409 racionis
571 3344 733 3410 defectum
748 3348 805 3430 qui
825 3360 958 3431 apparet
971 3367 1010 3411 ex
1026 3347 1188 3431 predictis.

1048 3668 1120 3753 [ιιι]

498 3880 585 3946 Licet
603 3895 712 3946 autem
732 3883 866 3946 tercium
883 3896 913 3946 et
927 3897 1080 3967 quartum
1102 3884 1251 3966 superius
1272 3885 1511 3968 propositorum
1529 3904 1595 3948 non
1611 3886 1752 3949 omnino

417 3991 482 4055 sint
502 3989 678 4053 necessaria
697 3990 737 4053 ad
759 4004 905 4054 nostrum
927 3992 1144 4074 propositum,
1159 3993 1236 4074 quia
1255 4005 1364 4055 tamen
1385 4004 1564 4074 tanguntur
1583 3993 1623 4056 ab
1642 3994 1700 4069 eis,
1718 4008 1753 4057 ut
1781 4003 1812 4048 25

419 4098 597 4180 predictum
614 4111 673 4174 est,
689 4097 931 4183 aliquantulum
947 4098 1178 4181 disgredientes
1192 4098 1232 4162 de
1246 4100 1292 4163 eis
1307 4099 1496 4163 dicendum.

498 4206 545 4269 De
564 4207 662 4270 tercio
681 4225 756 4289 ergo
774 4219 821 4270 est
840 4205 1020 4270 videndum
1042 4206 1068 4270 si
1083 4207 1280 4270 vniuersalia
1300 4207 1366 4270 sint
1385 4208 1419 4270 in
1440 4208 1700 4290 particularibus,
1717 4223 1752 4273 ut

416 4314 532 4396 accipit
547 4313 687 4397 predicta
702 4314 798 4377 racio.

498 4421 538 4484 Et
549 4421 677 4486 videtur
689 4421 777 4506 quod
794 4441 874 4498 non,
887 4441 962 4485 cum
977 4421 1062 4485 dicat
1076 4422 1264 4498 aristoteles,
1275 4422 1418 4486 secundo
1431 4424 1471 4486 de
1485 4424 1609 4500 anima,
1622 4425 1753 4487 vniuer-

418 4528 495 4592 salia
511 4529 545 4590 in
562 4529 631 4612 ipsa
646 4530 789 4593 existunt
804 4532 815 4572 1
829 4531 951 4592 anima.
970 4529 1008 4593 Et
1022 4529 1212 4593 temmixius
1228 4529 1361 4606 ibidem,
1378 4530 1467 4614 quod
1481 4545 1656 4614 conceptus
1675 4546 1753 4595 sunt
1781 4544 1813 4587 30

418 4635 612 4719 similiaque
625 4637 821 4701 uniuersalia
833 4657 896 4721 que
909 4639 942 4699 in
956 4657 989 4700 se
1002 4638 1070 4720 ipsa
1086 4636 1282 4701 thesaurizat
1293 4651 1325 4702 et
1335 4638 1457 4721 colligit
1471 4640 1592 4702 anima.
1610 4638 1649 4702 Et
1663 4638 1749 4702 idern

417 4744 581 4820 temixius,
602 4764 699 4827 super
713 4746 910 4828 principium
931 4744 971 4808 de
990 4746 1114 4822 anima,
1130 4746 1219 4829 quod
1238 4766 1341 4830 genus
1361 4760 1407 4810 est
1425 4760 1600 4830 conceptus
1615 4747 1750 4830 quidam

417 4871 456 4914 ex
484 4852 573 4914 tenui
602 4851 817 4935 singularium
851 4852 1091 4929 similitudine;
1125 4867 1301 4938 conceptus
1332 4867 1441 4918 autem
1471 4868 1549 4918 sunt
1577 4855 1610 4917 in
1639 4858 1752 4917 anima

417 4960 632 5041 concipiente,
648 4978 747 5042 quare
766 4973 797 5023 et
810 4960 1019 5037 uniuersalia,
1034 4980 1109 5024 cum
1126 4962 1260 5049 quidam
1282 4964 1348 5029 sint
1365 4975 1551 5050 conceptus.
1573 4961 1607 5025 Si
1627 4976 1750 5037 contra,

499 5183 508 5219 ¹
528 5184 573 5241 Ms
585 5208 622 5228 =
634 5183 781 5245 existente.
