4892 6540
1226 836 1405 923 *34⁴

661 1024 795 1111 quidam
811 1042 887 1093 ante
901 1047 961 1091 nos
975 1027 1126 1092 dixerunt
1141 1028 1180 1091 de
1196 1030 1277 1111 ipso.
1296 1028 1401 1092 Facile
1415 1041 1523 1092 autem
1545 1028 1747 1112 improbatur
1761 1028 1848 1112 quod
1864 1026 1991 1092 dicitur.

661 1135 751 1199 Nihil
767 1137 856 1200 enim
877 1149 924 1200 est
943 1136 1159 1200 secundarum
1178 1137 1211 1198 in
1227 1135 1340 1200 ordine
1359 1155 1530 1200 causarum
1546 1135 1634 1219 quod
1649 1135 1690 1199 ad
1707 1136 1737 1198 id
1753 1135 1842 1220 quod
1857 1149 1903 1200 est
1918 1149 1992 1199 ante

661 1263 694 1307 se
709 1244 742 1305 in
758 1244 871 1308 eodem
887 1244 1001 1307 ordine
1016 1244 1196 1307 secundum
1218 1245 1359 1327 regimen
1377 1263 1443 1306 non
1460 1241 1599 1319 feratur3
1615 1255 1645 1306 et
1659 1257 1803 1307 cessante
1819 1244 1993 1307 influencia

661 1353 694 1414 in
719 1353 830 1436 priori,
849 1366 950 1415 cessat
968 1351 1139 1415 causalitas
1159 1352 1192 1413 in
1215 1352 1394 1435 posteriori,
1410 1352 1493 1414 sicut
1513 1350 1666 1434 probatur
1685 1353 1718 1412 in
1736 1352 1753 1414 8
1771 1351 1993 1434 physicorum,

619 1477 631 1521 5
660 1459 716 1524 vbi
740 1459 820 1523 ordo
845 1460 978 1543 ponitur
1002 1460 1212 1522 mouencium
1237 1472 1267 1522 et
1291 1472 1468 1522 motorum.
1495 1458 1605 1521 Homo
1631 1477 1706 1542 ergo
1729 1460 1785 1541 qui
1813 1458 1992 1523 secundum

661 1568 808 1630 ordinem
839 1587 895 1631 sue
924 1566 1132 1650 prouidencie
1160 1579 1207 1629 est
1235 1566 1391 1629 dominus
1419 1579 1450 1629 et
1477 1585 1574 1629 causa
1603 1585 1737 1629 suorum
1767 1579 1912 1642 actuum,
1939 1580 1995 1629 aut

661 1674 841 1738 secundum
875 1674 1025 1737 ordinem
1060 1674 1265 1756 prouidencie
1297 1673 1393 1737 habet
1420 1672 1545 1756 aliquid
1574 1686 1648 1737 ante
1677 1694 1721 1749 se,
1748 1687 1804 1737 aut
1834 1673 1928 1736 nihil.
1959 1673 1992 1736 Si

660 1782 786 1845 dicatur
800 1780 888 1865 quod
906 1781 987 1844 nihil
1004 1782 1099 1844 habet
1114 1794 1188 1844 ante
1203 1780 1430 1844 sesecundum
1449 1780 1657 1862 prouidencie
1671 1779 1834 1856 ordinem,
1850 1781 1994 1864 sequitur

661 1888 749 1972 quod
768 1904 815 1953 est
835 1891 979 1973 primum
1001 1889 1105 1972 [218V]
1127 1889 1160 1952 in
1180 1888 1295 1953 ordine
1317 1887 1383 1952 illo.
1410 1888 1556 1952 Primum
1580 1902 1688 1952 autem
1711 1889 1746 1952 in
1766 1890 1858 1953 omni
1880 1888 1994 1952 ordine

603 2029 632 2059 10
660 2017 831 2060 causarum
852 2009 899 2060 est
918 1996 1133 2060 essencialiter
1151 2016 1299 2080 operans.
1324 1996 1433 2059 Homo
1452 2015 1527 2079 ergo
1547 2016 1602 2080 per
1620 1997 1798 2060 essenciam
1821 2011 1868 2060 est
1888 1998 1995 2080 proui-

659 2104 741 2168 dens
755 2118 786 2168 et
800 2119 846 2169 est
861 2106 929 2187 ipsa
946 2103 1167 2188 prouidencia,
1180 2103 1268 2186 quod
1283 2116 1329 2167 est
1344 2102 1535 2166 absurdum.
1553 2102 1587 2167 Si
1603 2118 1710 2168 autem
1726 2102 1816 2167 aliud
1832 2106 1865 2166 in
1881 2104 1995 2168 ordine

662 2212 869 2295 prouidencie
889 2211 985 2275 habet
1000 2225 1074 2274 ante
1089 2232 1134 2286 se,
1150 2212 1295 2294 sequitur
1311 2212 1488 2275 necessario
1502 2210 1590 2294 quod
1611 2211 1712 2274 homo
1728 2212 1760 2273 in
1777 2213 1869 2275 omni
1885 2231 1995 2294 opera-

660 2321 753 2383 cione
775 2317 983 2401 prouidencie
1003 2338 1059 2382 sue
1078 2318 1119 2381 ad
1138 2317 1228 2380 aliud
1250 2316 1413 2381 referatur.
1438 2317 1524 2381 Cum
1547 2332 1655 2381 autem
1680 2319 1823 2402 primum
1848 2319 1993 2382 inomni

660 2425 775 2491 ordine
790 2440 876 2509 regat
890 2427 1003 2489 omnia
1018 2427 1201 2509 sequencia,
1218 2427 1364 2509 sequitur
1376 2426 1554 2489 necessario
1569 2425 1657 2509 quod
1673 2425 1774 2489 homo
1789 2426 1822 2488 in
1838 2425 1994 2489 omnibus

603 2552 632 2596 15
660 2533 786 2597 actibus
801 2534 869 2597 suis
883 2553 901 2596 a
915 2533 1124 2617 prouidencia
1139 2533 1253 2596 diuina
1273 2545 1400 2616 regatur
1410 2554 1418 2611 ;
1439 2546 1470 2595 et
1490 2533 1551 2597 hoc
1565 2546 1611 2596 est
1625 2533 1713 2616 quod
1729 2532 1846 2596 dicitur
1861 2534 1894 2595 in
1912 2533 1995 2596 libro

661 2641 701 2704 de
715 2642 833 2717 causis,
849 2639 936 2724 quod
957 2642 1101 2725 primum
1124 2642 1202 2724 regit
1221 2660 1270 2703 res
1284 2659 1399 2703 omnes
1421 2653 1549 2723 propter
1564 2640 1625 2703 hoc
1639 2639 1727 2724 quod
1746 2643 1995 2705 commisceatur

661 2768 812 2814 cumeis.

1277 2987 1380 3072 [xm]

742 3174 839 3256 Quod
859 3188 967 3239 autem
989 3176 1062 3258 xiij0
1082 3176 1226 3259 ponitur,
1242 3175 1329 3258 quod
1350 3174 1430 3238 deus
1449 3174 1524 3238 dare
1545 3195 1610 3239 non
1633 3177 1733 3259 possit
1753 3177 1795 3239 rei
1817 3175 1945 3240 mortali
1965 3191 1996 3240 et

601 3316 633 3348 20
661 3281 820 3367 corporali
841 3282 1116 3346 immortalitatem
1137 3294 1169 3346 et
1188 3281 1540 3366 incorruptibilitatem,
1562 3302 1627 3346 non
1648 3297 1695 3347 est
1709 3283 1832 3346 dictum
1855 3283 1995 3367 philoso-

663 3392 795 3475 phicum
817 3389 997 3453 secundum
1020 3388 1261 3473 philosophiam
1279 3390 1580 3472 perypateticorum,
1597 3389 1650 3452 sed
1666 3404 1790 3473 oportet
1806 3390 1904 3453 huius
1919 3389 1995 3454 dicti

663 3500 825 3562 racionem
840 3498 982 3579 accipere
996 3517 1035 3560 ex
1050 3496 1255 3580 philosophia
1270 3510 1465 3579 stoycorum.
1485 3496 1639 3559 Dicamus
1653 3516 1727 3580 ergo
1741 3496 1830 3581 quod
1843 3498 1993 3560 omnium

662 3606 887 3670 ordinatorum
913 3606 998 3668 racio
1021 3618 1069 3667 est
1091 3603 1200 3686 aliqua
1224 3605 1273 3666 sui
1298 3604 1433 3667 ordinis.
1463 3603 1518 3666 Est
1543 3617 1652 3667 autem
1678 3603 1939 3686 corruptibilium
1966 3617 1996 3667 et

663 3710 974 3795 incorruptibilium,
996 3712 1078 3775 sicut
1099 3730 1211 3774 eorum
1235 3730 1298 3794 que
1320 3709 1502 3793 frequenter
1526 3711 1621 3787 fiunt,
1644 3724 1691 3774 est
1712 3711 1792 3775 ordo
1813 3711 1853 3774 ad
1875 3731 1911 3775 ea
1933 3731 1996 3794 que

602 3838 633 3882 25
663 3833 739 3884 sunt
758 3838 895 3902 semper,
916 3819 999 3882 sicut
1019 3832 1104 3902 patet
1123 3819 1157 3881 in
1178 3817 1242 3880 hiis
1261 3837 1323 3902 que
1344 3819 1376 3880 in
1398 3820 1446 3881 νίο
1465 3819 1568 3902 prime
1591 3818 1795 3902 philosophie
1816 3819 1898 3882 bene
1919 3835 1997 3882 sunt

662 3926 887 3991 determinata.
912 3925 1097 4005 Queramus
1120 3944 1195 4006 ergo
1218 3925 1260 3988 ab
1283 3926 1321 3988 iis
1340 3945 1403 4008 que
1427 3926 1468 3990 sit
1493 3926 1597 4008 prima
1620 3946 1716 3989 causa
1740 3926 1866 3989 ordinis
1891 3928 1994 3991 istius.

663 4033 799 4099 Constat
817 4047 925 4097 autern
946 4033 1033 4115 quod
1055 4033 1088 4095 in
1110 4034 1207 4115 priori
1231 4034 1317 4096 racio
1336 4032 1461 4096 ordinis
1479 4046 1527 4096 est
1546 4032 1584 4095 ad
1606 4032 1799 4096 secundum,
1827 4033 1864 4096 ln
1890 4034 1995 4115 primo

664 4144 760 4225 igitur
775 4161 830 4223 per
845 4140 1043 4204 intellectum
1063 4155 1211 4224 agentem
1233 4142 1318 4204 racio
1332 4141 1457 4204 ordinis
1471 4154 1518 4204 est
1533 4143 1682 4204 omnium
1697 4161 1705 4218 ;
1722 4140 1777 4205 sed
1792 4141 1902 4204 omnis
1916 4140 1996 4205 ordo

663 4250 818 4334 sapientis
837 4261 895 4311 est.
919 4247 1002 4330 Ergo
1023 4268 1061 4311 ex
1081 4249 1195 4312 ordine
1215 4249 1369 4331 sapientis
1388 4262 1435 4312 est
1454 4247 1593 4330 quedam
1615 4247 1710 4331 longe
1724 4247 1841 4312 distare
1855 4269 1873 4311 a
1889 4248 1996 4332 primo

602 4374 635 4418 30
663 4371 694 4421 et
712 4355 851 4439 quedam
877 4374 955 4418 non.
980 4355 1042 4418 Sed
1064 4375 1103 4418 ex
1126 4355 1221 4438 longe
1239 4356 1369 4431 distare,
1391 4355 1442 4419 uel
1463 4356 1581 4418 distare
1602 4370 1752 4419 causatur
1766 4355 1905 4438 quedam
1929 4374 1996 4418 esse

663 4463 898 4547 corruptibilia,
924 4462 1064 4544 quedam
1093 4477 1200 4526 autem
1230 4482 1298 4525 esse
1327 4462 1595 4545 incorruptibilia.
1628 4461 1674 4523 Ex
1702 4463 1816 4525 ordine
1846 4463 1942 4545 igitur
1966 4476 1996 4526 et

664 4583 818 4654 potestate
840 4570 936 4651 primi
959 4570 1140 4634 ordinantis
1161 4583 1208 4633 est
1229 4571 1316 4653 quod
1339 4570 1479 4653 quedam
1502 4583 1579 4632 sunt
1599 4569 1832 4651 corruptibilia,
1855 4569 1995 4652 quedam

663 4690 771 4740 autem
794 4696 874 4752 non,
890 4689 920 4739 et
941 4696 1007 4739 non
1028 4690 1075 4739 est
1089 4696 1107 4740 a
1123 4679 1255 4741 materia
1274 4690 1304 4740 et
1323 4676 1507 4740 substancia
1529 4676 1753 4740 ordinatorum
1775 4677 1837 4740 nisi
1858 4679 1939 4740 sicut
1958 4697 1997 4741 ex

663 4785 885 4867 consequenti.
910 4783 1056 4846 Primum
1077 4798 1184 4848 autem
1205 4803 1302 4867 agens
1323 4803 1388 4848 non
1404 4785 1547 4847 variatur
1561 4783 1740 4847 secundum
1762 4803 1875 4867 posse;
1894 4797 1997 4867 potest

603 4909 634 4953 as
664 4905 771 4955 autem
789 4892 878 4975 [219]
900 4892 1042 4974 primum
1060 4894 1071 4934 ¹
1089 4891 1196 4954 adhuc
1211 4891 1290 4954 deus
1305 4890 1380 4955 dare
1400 4892 1482 4955 sicut
1501 4892 1608 4975 primo
1630 4892 1733 4974 potuit
1747 4890 1835 4975 quod
1854 4890 1994 4974 quedam

739 5115 747 5147 ¹
765 5114 919 5183 Entender
934 5130 943 5171 .·
958 5115 1087 5188 primum
1102 5131 1200 5187 agens.
