4880 6546
668 887 757 946 acnv'

669 1073 891 1161 rapidement
906 1071 926 1138 a
943 1070 1061 1137 raison
1078 1071 1122 1136 de
1139 1069 1214 1137 leur
1231 1062 1454 1157 superioritd,
1472 1089 1542 1156 que
1561 1053 1692 1156 malgre
1711 1067 1788 1135 leur
1806 1051 2005 1135 nouveautd

667 1189 750 1256 elles
768 1187 887 1254 iurent
902 1185 1084 1274 qualifiees
1100 1187 1143 1252 de
1158 1185 1336 1253 doctrines
1349 1206 1563 1253 communes
1576 1199 1609 1251 et
1625 1184 1654 1250 le
1671 1184 1823 1271 premier
1840 1184 1918 1250 titre
1935 1205 2004 1271 que

584 1342 589 1351 ·
668 1305 840 1392 l'opinion
863 1304 1013 1371 decerna
1034 1303 1053 1368 a
1078 1303 1155 1369 leur
1177 1316 1315 1382 auteur,
1343 1300 1395 1367 fut
1418 1300 1508 1369 celui
1530 1302 1573 1367 de
1594 1303 1730 1367 Doctor
1753 1301 1961 1367 Communis
1980 1305 2002 1364 1.

668 1422 723 1487 Au
744 1436 859 1508 temps
879 1421 921 1485 de
945 1419 977 1485 la
997 1418 1244 1485 canonisation
1266 1419 1309 1484 de
1328 1417 1504 1495 ThomaS,
1525 1417 1681 1504 leveque
1701 1418 1743 1483 de
1764 1417 1863 1482 Paris
1884 1417 2002 1495 retira,

668 1558 731 1625 par
757 1559 806 1603 un
832 1550 906 1603 acte
932 1534 1058 1603 officiel
1085 1535 1132 1601 du
1165 1554 1198 1619 14
1228 1533 1355 1601 ferrier
1388 1534 1482 1613 1325,
1512 1532 1543 1599 la
1566 1532 1846 1601 condamnation
1869 1533 1912 1599 de
1935 1553 1999 1598 son

668 1653 915 1741 predecesseur
940 1672 983 1718 en
1012 1665 1088 1717 tant
1116 1650 1242 1737 qu'elle
1272 1650 1416 1737 pouvait
1448 1664 1565 1737 porter
1595 1649 1739 1716 atteinte
1766 1669 1811 1715 au
1840 1669 2001 1715 nouveau

668 1769 761 1837 saint
777 1770 865 1836 dont
883 1768 905 1834 il
924 1768 1005 1835 loue
1021 1789 1064 1834 en
1083 1781 1213 1833 termes
1229 1767 1290 1833 des
1307 1767 1388 1854 plus
1404 1766 1565 1833 flatteurs
1582 1766 1614 1832 la
1630 1760 1791 1833 doctrine
1807 1778 1841 1831 et
1858 1764 1890 1831 la
1906 1765 1960 1831 vie
1978 1770 2002 1829 2.

757 2003 856 2069 Nous
885 2022 926 2067 ne
956 2021 1118 2088 pouvons
1144 1999 1275 2086 quitter
1298 2013 1385 2066 cette
1409 1999 1574 2086 question
1600 1999 1642 2065 de
1669 1997 1700 2064 la
1723 1997 2003 2064 condamnation

667 2119 709 2185 de
741 2139 822 2204 1277
849 2139 932 2183 sans
957 2118 1032 2183 dire
1058 2116 1230 2204 quelques
1261 2129 1353 2183 mots
1379 2117 1440 2182 des
1470 2128 1631 2202 rapports
1657 2115 1849 2201 pretendus
1878 2112 2004 2201 qu'elle

666 2235 781 2301 aurait
804 2256 866 2301 eus
889 2254 972 2300 avec
998 2233 1047 2299 les
1072 2232 1252 2300 doctrines
1278 2231 1471 2319 professees
1498 2251 1561 2318 par
1587 2230 1635 2297 les
1661 2230 1882 2318 theologiens
1908 2228 2003 2297 fran-

667 2351 829 2418 ciscains.
859 2349 1023 2416 llaureau
1049 2364 1082 2415 et
1107 2349 1229 2415 Renan
1254 2369 1290 2415 se
1315 2362 1397 2415 sont
1421 2346 1482 2414 fait
1507 2348 1555 2414 les
1580 2361 1832 2435 propagateurs
1853 2348 1895 2413 de
1916 2361 2004 2413 cette

667 2467 884 2534 affirmation
904 2487 973 2553 que
994 2466 1234 2532 l'averro'lsme
1250 2465 1366 2531 aurait
1382 2485 1425 2530 eu
1444 2485 1498 2530 ses
1514 2463 1726 2551 principaux
1745 2464 2004 2550 representants

668 2585 757 2651 dans
781 2584 917 2650 l'Ordre
941 2583 1001 2649 des
1026 2582 1149 2649 Frdres
1172 2581 1346 2647 Mineurs.
1373 2581 1421 2647 Le
1447 2580 1601 2667 premier
1621 2580 1771 2660 declara,
1794 2600 1837 2645 en
1864 2579 2005 2666 parlant

668 2833 782 2889 vations
804 2834 961 2903 analogues
982 2833 1126 2887 touchant
1147 2833 1172 2886 la
1192 2830 1422 2887 condamnation
1444 2829 1610 2885 d’Oxford:
1633 2828 1718 2885 Unde
1739 2829 1847 2885 mirum
1869 2842 1912 2885 est
1931 2845 2005 2901 quo-

670 2923 759 2978 modo
782 2939 860 2978 unus
882 2923 973 2976 homo
995 2920 1110 2976 Parisiis
1130 2920 1231 2976 asserit
1252 2921 1378 2992 publice,
1401 2920 1466 2975 illos
1486 2920 1624 2976 articulos
1645 2935 1706 2975 esse
1728 2919 1755 2974 in
1771 2936 1811 2984 se,
1833 2919 1927 2974 telin
1949 2918 2003 2974 sibi

669 3012 816 3068 similibus
829 3011 996 3075 damnatos,
1012 3026 1071 3065 non
1087 3011 1184 3065 solum
1201 3010 1229 3064 in
1244 3010 1358 3080 Anglia,
1374 3010 1423 3064 sed
1438 3009 1524 3065 etiam
1540 3008 1660 3080 ubique,
1675 3020 1702 3064 et
1715 3008 1874 3064 denunciat
1889 3024 2004 3063 excom-

669 3102 835 3158 municatos
860 3099 1038 3171 omnesqui
1064 3099 1129 3154 illos
1153 3100 1301 3163 articulos,
1325 3100 1368 3153 vel
1394 3099 1521 3168 aliquem
1546 3115 1579 3154 ex
1602 3098 1658 3153 illis
1682 3098 1798 3163 docent,
1823 3113 1892 3152 cum
1919 3097 2004 3153 multi

669 3190 798 3261 Magistri
825 3190 853 3244 in
880 3187 1042 3260 Theologia
1068 3205 1161 3260 nuper
1186 3188 1366 3260 scripserunt
1391 3187 1472 3259 quod
1499 3188 1634 3243 nesciunt
1661 3188 1743 3243 illum
1770 3187 1927 3243 articulum
1956 3186 2004 3259 [de

669 3279 780 3335 unitate
801 3279 909 3334 formae
929 3279 1129 3334 substantialis
1150 3277 1178 3332 in
1201 3276 1345 3350 homine]‚
1367 3294 1401 3333 ex
1422 3294 1482 3349 quo
1500 3293 1604 3332 omnes
1625 3277 1671 3331 alii
1692 3276 1805 3332 articuli
1827 3289 2002 3347 sequuntur,

668 3385 730 3425 esse
749 3368 882 3424 habitum
900 3384 952 3440 pro
969 3369 1076 3424 haeresi
1093 3370 1135 3422 vel
1152 3383 1254 3423 errore.
1274 3366 1359 3421 Unde
1378 3367 1475 3432 etiarn,
1495 3383 1549 3421 nec
1570 3366 1684 3422 Parisiis
1705 3366 1827 3422 habetur
1844 3382 1895 3438 pro
1911 3382 2004 3421 errore

668 3457 750 3529 quod
765 3473 873 3531 corpus
888 3458 1006 3523 Christi,
1022 3459 1065 3512 vel
1084 3457 1202 3513 alterius
1221 3456 1361 3521 horniniS,
1378 3468 1524 3527 quantum
1544 3456 1579 3510 ad
1599 3455 1735 3520 formam,
1753 3455 1790 3510 sit
1807 3454 1887 3511 aliud
1902 3455 2003 3509 vivum
2048 3518 2051 3527 ‚

668 3560 695 3603 et
716 3560 879 3613 mortuum,
899 3547 928 3601 in
950 3563 1011 3618 quo
1030 3564 1089 3602 non
1105 3560 1148 3603 est
1163 3546 1257 3602 simile
1276 3546 1339 3601 aliis
1361 3545 1542 3601 hominibus.
1561 3545 1744 3615 D'Argentre,
1762 3544 1906 3599 Collectio
1921 3545 2004 3614 judi-

669 3636 794 3701 ciorum,
814 3636 834 3702 l,
853 3653 881 3708 p,
898 3635 960 3691 216.

758 3727 768 3758 ¹
788 3725 945 3781 Modernos
967 3726 1105 3781 Doctores
1128 3724 1285 3798 [Thomas]
1309 3725 1488 3780 transcendit
1509 3724 1537 3779 in
1561 3724 1758 3796 Philosophia,
1781 3723 1889 3779 sivein
1907 3723 2004 3778 Theo·

669 3815 760 3886 logia,
790 3815 850 3870 sive
878 3814 907 3869 in
936 3830 1126 3886 quacumque
1156 3814 1274 3869 materia
1301 3813 1465 3870 secundum
1494 3829 1685 3869 communem
1714 3814 1871 3868 hominum
1901 3812 2003 3867 intelli-

668 3905 794 3975 gentiam
819 3915 846 3959 et
870 3903 1056 3975 opinionem,
1082 3916 1110 3958 et
1135 3903 1202 3958 inde
1228 3903 1256 3957 in
1284 3905 1384 3958 schola
1412 3903 1498 3958 hodie
1524 3902 1675 3958 Parisiensi
1700 3902 1869 3957 communis
1896 3902 2003 3957 Doctor

669 3996 829 4066 appellatur
856 4006 973 4065 propter
999 4009 1084 4049 suam
1112 3993 1271 4048 claritatem
1299 3992 1458 4048 doctrinae.
1490 3994 1671 4048 Ptolemaeus
1699 3991 1856 4057 Lucensis,
1886 3990 2001 4045 Hister.

669 4082 794 4148 Eccles,
815 4082 888 4137 dans
908 4082 980 4137 Rer.
1001 4083 1067 4137 Ital.
1091 4082 1217 4154 Script,
1242 4096 1262 4138 t.
1284 4082 1334 4148 Xl,
1355 4084 1411 4137 col.
1437 4081 1512 4153 1169.
1534 4084 1629 4153 Voyez
1649 4081 1726 4136 aussi
1748 4096 1754 4137 :
1776 4080 1832 4134 Die
1853 4080 2002 4135 Chronica

668 4170 792 4225 Novella
811 4171 862 4225 des
881 4170 1036 4226 Hermann
1053 4171 1182 4236 Korner,
1199 4171 1243 4225 ed.
1261 4172 1284 4225 J.
1302 4171 1461 4235 Scnwrrn,
1479 4170 1638 4241 Gdttingen
1656 4170 1732 4242 1895,
1750 4186 1777 4242 p.
1800 4170 1857 4223 182.

758 4260 768 4292 ¹
789 4259 891 4314 Chort.
915 4260 1001 4314 Univ.
1022 4260 1134 4326 Poris„
1157 4261 1192 4325 ll,
1210 4277 1237 4332 p.
1255 4261 1317 4315 280.
1334 4260 1379 4315 On
1399 4261 1550 4315 observera
1569 4261 1608 4315 les
1626 4259 1828 4315 considerants
1845 4259 1881 4314 de
1899 4260 2001 4314 l’acte:

670 4350 730 4404 Nos
756 4348 843 4419 igitur
868 4349 1049 4405 attendentes
1076 4350 1155 4420 quod
1182 4350 1371 4405 Sacrosancta
1397 4350 1529 4404 Romana
1553 4349 1681 4414 ecclesia,
1708 4348 1839 4403 fidelium
1865 4349 2001 4403 omnium

670 4450 761 4493 mater
782 4450 810 4494 et
832 4438 979 4509 magistra,
1003 4438 1032 4493 in
1057 4438 1224 4493 firmissima
1245 4438 1328 4505 Petri,
1351 4439 1457 4494 Christi
1476 4438 1584 4503 vicarii,
1607 4437 1790 4494 confessione
1812 4437 1943 4501 fundata,
1966 4436 2001 4490 ad

669 4544 758 4598 quarn
786 4528 863 4583 velut
888 4527 924 4581 ad
951 4527 1142 4582 universalem
1168 4530 1294 4598 regulam
1316 4527 1459 4583 catholice
1481 4528 1607 4583 veritatis
1632 4527 1756 4599 pertinet
1779 4526 1951 4598 approbatio
1975 4538 2003 4581 et

670 4617 834 4688 reprobatio
851 4616 1062 4683 doctrinarum,
1082 4616 1237 4672 declaratio
1255 4616 1426 4683 dubiorum,
1445 4616 1647 4672 determinatio
1664 4615 1869 4680 tenendorum,
1888 4628 1916 4671 et
1933 4631 2003 4670 con-

670 4706 775 4762 futatio
799 4721 940 4771 errorum,
968 4707 1111 4777 prefatum
1138 4706 1287 4761 doctorem
1312 4706 1451 4761 eximium
1478 4718 1505 4762 et
1529 4706 1733 4771 venerabilem,
1759 4704 1845 4774 cujus
1869 4705 2002 4760 doctrina

670 4796 760 4866 fulget
786 4795 904 4849 ecclesia
929 4806 961 4850 ut
986 4796 1047 4850 sole
1072 4797 1150 4862 luna,
1178 4808 1464 4877 nupersanctorum
1490 4795 1692 4850 confessorum
1719 4795 1871 4865 cathalogo
1896 4794 2003 4849 adscri-

670 4884 800 4940 bendum
814 4884 978 4940 decreverit.
996 4886 1063 4940 Plus
1078 4884 1148 4950 loin,
1164 4886 1291 4955 l’eveque
1305 4884 1422 4955 qualihe
1434 4884 1506 4939 ainsi
1520 4884 1653 4940 Thomas
1665 4884 1794 4955 d'Aquin
1809 4900 1816 4939 :
1831 4883 2002 4939 universalis

670 4974 787 5028 ecclesie
806 4976 904 5029 lumen
924 4973 1133 5046 prefulgidum,
1153 4990 1269 5043 gemma
1288 4974 1402 5028 radians
1420 4974 1603 5040 clericorum,
1623 4974 1677 5028 llos
1696 4973 1864 5039 doctorum,
1882 4972 2002 5027 Univer-

670 5063 762 5118 sitatis
785 5074 883 5117 nostre
907 5063 1075 5118 Parisiensis
1096 5064 1249 5134 speculum
1272 5062 1468 5118 clarissimum
1492 5075 1520 5119 et
1541 5063 1663 5133 insigne,
1688 5063 1815 5119 claritate
1834 5062 1901 5128 vite,
1926 5061 2002 5116 fame

669 5167 701 5206 ac
716 5150 848 5207 doctrine
864 5152 942 5207 velut
957 5153 1037 5207 stella
1052 5152 1205 5224 splendida
1220 5165 1246 5207 et
1263 5152 1407 5208 matutina
1424 5152 1569 5224 refulgens
1584 5154 1624 5224 (p.
1641 5152 1715 5224 281).
