4872 6552
1254 866 1458 964 „95-

689 1086 748 1134 nec
771 1070 783 1112 1
808 1068 988 1133 intellectus
1017 1067 1283 1151 intelligibilium.
1314 1067 1411 1132 Vnde
1438 1082 1469 1132 et
1497 1082 1599 1132 tactus
1627 1088 1702 1132 cum
1733 1068 1850 1134 habeat
1877 1070 2021 1155 aliquam

688 1177 875 1261 qualitatem
898 1175 1088 1259 tangibilem
1113 1195 1179 1239 non
1200 1189 1247 1239 cst
1266 1177 1419 1239 omnium
1442 1176 1637 1260 qualitatum
1659 1177 1867 1260 tangibilium
1890 1197 2024 1261 cognos-

688 1285 825 1361 citiuus;
856 1283 1005 1347 similiter
1029 1287 1041 1326 ²
1068 1296 1176 1346 autem
1206 1283 1350 1347 calidum
1380 1286 1446 1347 etl
1475 1282 1629 1367 frigidum
1660 1297 1771 1348 nostro
1799 1287 1925 1369 corpori
1956 1306 2021 1350 uon

689 1394 848 1455 sentimus
867 1390 921 1455 sed
942 1390 1049 1454 solum
1066 1390 1286 1454 excellentias.
1310 1390 1349 1454 Et
1367 1411 1443 1454 cum
1461 1390 1642 1455 intellectus
1658 1391 1827 1475 intelligat,
1848 1393 2024 1476 productus

646 1512 659 1556 5
688 1501 727 1564 de
756 1500 902 1583 potencia
928 1498 969 1561 ad
995 1511 1117 1574 actum,
1145 1500 1228 1562 sicut
1253 1512 1285 1562 et
1310 1518 1437 1575 sensus,
1464 1512 1495 1563 et
1520 1500 1632 1563 omnia
1660 1499 1838 1563 materialia
1866 1499 2024 1584 intelligat

688 1607 896 1692 suscipiendo
914 1626 1027 1670 eorum
1050 1606 1182 1689 species,
1203 1627 1270 1670 non
1291 1619 1338 1669 est
1358 1607 1455 1690 igitur
1475 1606 1656 1671 intellectus
1671 1607 1781 1690 aliqua
1800 1606 1905 1671 forma
1925 1621 2024 1672 mate-

688 1714 787 1778 rialis.
818 1715 915 1778 Nunc
942 1727 990 1777 est
1018 1715 1061 1777 ita
1089 1714 1177 1797 quod
1210 1734 1277 1777 non
1309 1714 1417 1778 solum
1445 1716 1480 1776 in
1512 1716 1660 1798 potencia
1690 1717 1800 1778 anime
1829 1714 2023 1779 intellectiue

688 1824 911 1905 suscipiuntur
932 1823 1051 1905 species
1074 1820 1329 1905 intelligibilium
1352 1822 1530 1886 sedeciam
1554 1823 1588 1884 in
1611 1823 1680 1885 eius
1695 1822 1901 1900 substancia;
1924 1842 2024 1907 quare

688 1931 774 1994 idem
793 1930 880 2014 quod
901 1931 1069 1993 conuincit
1085 1931 1169 1992 racio
1188 1929 1227 1993 de
1248 1932 1406 2013 potencia,
1427 1943 1458 1994 et
1476 1930 1516 1993 de
1534 1930 1731 1993 substancia.
1749 1930 1872 1993 Mirum
1888 1944 1935 1995 est
1949 1950 2023 2014 ergo

630 2065 659 2097 ιο
688 2058 744 2122 per
772 2037 862 2101 illam
894 2037 1083 2120 Philosophi
1113 2038 1276 2101 racionem
1306 2057 1426 2121 ponere
1455 2039 1638 2121 potenciam
1667 2050 1847 2122 separatam
1875 2052 1907 2102 et
1932 2038 2024 2102 subs-

687 2147 829 2211 tanciam
847 2147 986 2209 unitam.

767 2253 910 2336 Apparet
924 2255 1026 2316 eciam
1042 2252 1130 2336 quod
1147 2253 1278 2337 predicti
1294 2254 1357 2317 uiri
1375 2273 1440 2317 non
1457 2254 1660 2318 concludunt
1675 2255 1851 2318 intentum.

768 2360 807 2424 Et
834 2362 940 2444 primo
966 2361 1005 2424 de
1032 2360 1178 2425 Alberto.
1207 2361 1371 2444 Supponit
1397 2362 1485 2425 enim
1513 2362 1601 2444 quod
1625 2363 1774 2445 potencia
1796 2362 1965 2445 vegetandi
1993 2374 2022 2425 ct

688 2469 852 2532 senciendi
880 2469 1062 2552 pertineant
1087 2469 1127 2532 ad
1155 2469 1244 2532 illam
1272 2470 1493 2533 substanciam
1520 2468 1560 2532 ad
1584 2489 1683 2552 quam
1712 2471 1849 2553 pertinet
1875 2470 2023 2553 potencia

629 2591 658 2635 15
688 2576 902 2660 intelligendi,
918 2576 1006 2660 quod
1023 2596 1090 2640 non
1109 2590 1156 2640 est
1169 2596 1285 2640 verum
1301 2577 1481 2640 secundum
1500 2576 1737 2660 Philosophum
1754 2591 1785 2641 et
1798 2576 2020 2640 Themistium

687 2685 756 2749 eius
779 2685 1007 2767 expositorem,
1033 2697 1062 2748 et
1092 2683 1227 2748 inferius
1260 2685 1452 2769 inquiretur.
1478 2684 1655 2764 Querimus
1683 2686 1773 2748 enim
1796 2688 1810 2729 1
1836 2685 1888 2747 hic
1914 2684 2021 2748 solum

686 2793 907 2856 intencionem
945 2791 1216 2875 philosophorum
1246 2805 1277 2856 et
1305 2794 1455 2875 precipue
1489 2792 1683 2869 Aristotelis,
1710 2794 1768 2856 etsi
1805 2792 1886 2857 forte
1915 2791 2023 2856 Philo-

687 2899 843 2983 sophus⁵
869 2901 1030 2962 senseritG
1055 2898 1147 2963 aliter
1172 2920 1271 2982 quam
1300 2901 1418 2963 ueritas
1444 2920 1476 2963 se
1502 2899 1618 2964 habeat
1646 2913 1677 2963 et
1703 2919 1759 2983 per
1786 2900 2022 2963 reuelacionem

686 3007 821 3090 aliqua⁷
841 3007 880 3070 de
898 3007 1009 3070 anima
1025 3006 1140 3070 tradita
1160 3009 1225 3070 sint
1239 3010 1262 3079 ⁸,
1284 3027 1347 3090 que
1368 3027 1423 3091 per
1443 3009 1587 3071 raciones
1603 3007 1765 3071 naturales
1779 3006 1932 3071 concludi
1954 3026 2021 3070 non

627 3142 659 3174 20
687 3128 833 3198 possunt.
852 3114 915 3178 Sed
931 3114 1030 3177 nichil
1046 3114 1087 3177 ad
1103 3134 1163 3178 nos
1178 3118 1291 3177 nunc⁹
1309 3114 1349 3178 de
1365 3115 1423 3177 Dei
1440 3114 1617 3191 miraculis,
1633 3135 1708 3178 cum
1724 3114 1764 3178 de
1779 3114 1983 3178 naturalibus
1996 3116 2021 3157 ¹⁰

688 3221 877 3285 naturaliter
891 3222 1101 3285 disseramus.

771 3329 912 3393 Thomas
938 3330 1039 3393 eciam
1068 3331 1230 3393 intentum
1259 3350 1325 3393 non
1352 3331 1469 3414 arguit,
1496 3330 1551 3394 sed
1578 3329 1685 3393 solum
1712 3331 1818 3413 querit
1842 3332 1911 3393 eius
1938 3330 2023 3393 racio

687 3436 855 3519 quomodo
869 3438 1089 3522 compositum
1108 3438 1272 3501 materiale
1287 3438 1477 3521 intelligeret
1489 3452 1525 3501 ut
1537 3439 1649 3515 homo,
1663 3439 1689 3501 si
1703 3440 1814 3502 anima
1828 3436 2022 3501 intellectiua

689 3545 722 3607 in
747 3544 884 3608 essendo
909 3546 949 3609 sit
973 3559 1116 3630 separata
1131 3547 1156 3590 11
1179 3566 1197 3609 a
1223 3547 1356 3610 materia
1379 3559 1408 3609 et
1431 3565 1575 3629 corpore.
1594 3545 1661 3609 lam
1682 3559 1789 3609 autem
1815 3545 1877 3609 hoc
1900 3545 2023 3610 dicetur

627 3667 659 3710 25
687 3651 822 3735 quando
849 3652 1067 3735 assignabitur
1092 3653 1230 3736 qualiter
1255 3655 1367 3717 anima
1394 3653 1591 3717 intellectiua
1617 3667 1664 3718 est
1689 3654 1781 3717 unita
1796 3656 1822 3696 11
1840 3654 1966 3737 corpori
1992 3666 2023 3717 et

687 3758 824 3842 qualiter
847 3759 889 3822 ab
911 3779 950 3822 eo
973 3775 1021 3823 est
1046 3774 1200 3844 separata.
1219 3760 1257 3824 Et
1282 3763 1398 3824 iterum
1415 3763 1452 3837 ¹⁸,
1468 3774 1601 3844 apparet
1624 3760 1793 3824 hominem
1820 3761 1927 3843 ipsum
1954 3780 2020 3823 non

689 3865 865 3950 intelligere
883 3886 921 3930 ex
940 3887 1037 3930 causa
1056 3888 1155 3951 quam
1176 3869 1320 3951 assignat
1331 3889 1339 3945 ;
1356 3869 1444 3952 quia,
1466 3869 1491 3930 si
1513 3869 1569 3944 sic,
1587 3888 1653 3931 non
1670 3867 1777 3932 solum
1793 3867 1894 3931 homo
1909 3871 1935 3912 11
1954 3868 2022 3951 ipse

688 3973 889 4058 intelligeret,
915 3974 970 4037 sed
995 3994 1066 4057 pars
1094 3974 1267 4038 materialis
1294 3975 1392 4038 huius
1415 3977 1600 4059 compositi,
1626 3975 1707 4039 adeo
1730 3974 1819 4059 quod
1846 3975 2022 4058 intelligere

687 4094 769 4145 esset
784 4083 818 4143 in
833 4100 965 4164 corpore
979 4093 1010 4144 et
1026 4083 1057 4143 in
1074 4101 1208 4164 organo,
1224 4096 1261 4145 ut
1274 4084 1376 4146 eciam
1392 4084 1418 4125 ¹⁵
1438 4084 1527 4165 prius
1541 4082 1664 4146 dictum
1681 4095 1738 4146 est.

628 4203 660 4247 30
769 4189 951 4252 Dicendum
972 4201 1017 4251 est
1039 4189 1135 4271 igitur
1155 4188 1246 4252 aliter
1265 4190 1445 4253 secundum
1467 4191 1687 4255 intencionem
1711 4190 1912 4274 Philosophi,
1933 4189 2020 4274 quod

688 4296 800 4358 anima
826 4294 1022 4358 intellectiua
1049 4296 1081 4358 in
1109 4297 1245 4360 essendo
1271 4309 1318 4360 est
1341 4318 1359 4360 a
1382 4317 1516 4381 corpore
1541 4310 1697 4381 separata,
1725 4317 1792 4361 non
1817 4298 1844 4361 ei
1869 4298 1960 4361 vnita
1986 4310 2022 4360 ut

689 4402 791 4485 figura
813 4422 894 4478 cere,
919 4405 1002 4466 sicut
1025 4417 1144 4467 sonant
1168 4404 1260 4487 plura
1280 4404 1379 4469 verba
1400 4405 1594 4482 Aristotelis,
1616 4419 1647 4469 et
1668 4407 1737 4469 eius
1759 4406 1845 4469 racio
1868 4404 2019 4468 ostendit.

688 4511 810 4574 Anima
838 4524 948 4574 tamen
978 4511 1174 4576 intellectiua
1201 4514 1327 4595 corpori
1356 4527 1403 4576 est
1428 4514 1518 4578 vnita
1547 4514 1581 4575 in
1607 4512 1785 4595 operand0,
1814 4533 1889 4576 cum
1920 4511 2020 4575 nichil

689 4617 845 4701 intelligat
860 4619 929 4681 sine
944 4638 1075 4702 corpore
1094 4633 1124 4684 et
1144 4618 1347 4694 fantasmate,
1365 4621 1398 4682 in
1420 4633 1547 4684 tantum
1569 4621 1657 4704 quod
1678 4598 1843 4684 sensibilia
1859 4623 1885 4663 ¹⁶
1904 4619 2021 4683 fantas-

770 4899 864 4950 ¹V:
877 4914 980 4971 neque.
997 4931 1028 4939 ·-
1051 4899 1150 4954 ²12:
1163 4899 1267 4966 simile,
1282 4900 1354 4954 V:
1368 4900 1485 4956 solutio.
1506 4931 1540 4940 -
1561 4899 1572 4931 ⁸
1592 4901 1665 4952 V:
1687 4900 1757 4955 siue.
1773 4931 1806 4939 —
1828 4900 1840 4932 ⁴
1860 4899 1931 4952 V-
1947 4916 1969 4953 1.
1987 4930 2021 4939 -

687 4987 781 5040 sq„
799 5005 820 5042 r.
837 5021 869 5028 -
887 4988 1188 5044 ⁶stenciunt.—
1207 4989 1302 5041 111-
1318 4990 1499 5044 r.—⁸V=
1516 4990 1574 5045 sint
1593 4989 1706 5045 tradita.
1722 5021 1756 5029 —
1774 4990 1871 5044 ⁹V:
1889 5001 1969 5046 tune.
1986 5021 2019 5029 -

688 5076 711 5110 ¹⁰
722 5077 743 5130 V
753 5078 932 5135 :naturali
942 5110 977 5119 -
986 5078 1007 5112 ¹¹
1016 5080 1125 5134 stit
1135 5090 1265 5149 separata
1275 5078 1304 5134 in
1316 5078 1448 5134 essendo.
1465 5111 1495 5118 —
1510 5079 1605 5133 ¹⁸V:
1615 5078 1696 5135 unita
1706 5091 1758 5136 est.
1771 5111 1806 5119 —
1818 5078 1839 5113 ¹⁸
1848 5078 2018 5136 V=etiam

690 5198 721 5206 -
735 5167 913 5224 ¹‘Pznon
926 5168 1068 5223 —¹⁶P-
1083 5185 1104 5223 ι.
1125 5200 1158 5208 -
1172 5168 1430 5224 ¹⁸V=sensitiua
