4872 6552
1299 924 1504 989 *50¹²*

815 1102 970 1185 preterea,
996 1130 1203 1194 quacumque
1229 1113 1394 1195 posicione
1421 1113 1516 1190 facta,
1544 1116 1760 1179 necessarium
1787 1130 1834 1180 est
1860 1117 1899 1181 de
1925 1117 2069 1181 subiecto

732 1217 873 1280 termino
889 1217 1043 1299 predicari
1059 1237 1095 1281 ea
1109 1238 1173 1301 que
1189 1233 1266 1282 sunt
1279 1220 1319 1283 de
1333 1222 1403 1303 ejus
1419 1223 1556 1284 racione.
1574 1221 1671 1302 Quod
1687 1223 1712 1286 si
1727 1224 1767 1287 de
1781 1225 1909 1287 racione
1925 1224 2069 1288 hominis

732 1336 779 1385 est
793 1323 931 1407 animal,
946 1324 1074 1388 videtur
1089 1345 1155 1389 non
1172 1345 1265 1408 posse
1283 1328 1389 1409 negari
1407 1327 1465 1391 hec
1480 1329 1676 1410 proposicio,
1693 1327 1795 1394 homo
1810 1345 1857 1394 est
1871 1330 2006 1393 animal.

812 1539 864 1602 nd
885 1540 1121 1603 inueniendum
1139 1542 1317 1617 veritatem,
1335 1561 1401 1605 non
1425 1543 1565 1605 multum
1587 1542 1716 1626 prodest
1734 1541 1937 1607 considerare
1955 1560 2068 1623 eaque

688 1662 702 1707 ⁵
732 1661 810 1711 sunt
831 1646 1002 1711 manifeste
1023 1647 1115 1723 falsa,
1138 1648 1193 1711 sed
1215 1649 1323 1713 solum
1347 1669 1384 1713 ea
1405 1669 1468 1733 que
1490 1650 1624 1733 probata
1645 1651 1809 1714 dicuntur.
1835 1649 1872 1712 ln
1896 1648 1956 1711 hac
1978 1649 2066 1711 enim

732 1756 865 1819 materia
886 1755 1106 1819 diuersimode
1127 1756 1250 1819 dictum
1273 1770 1320 1820 est
1339 1776 1357 1819 a
1377 1757 1525 1820 diuersis.

813 1862 908 1939 Unde
926 1862 1124 1944 quibusdam
1147 1875 1194 1926 est
1213 1863 1321 1927 visum
1343 1864 1431 1946 quod
1450 1865 1527 1947 quia
1551 1865 1669 1927 ueritas
1688 1864 1782 1928 debet
1803 1883 1870 1927 esse
1891 1861 2067 1945 adequacio

732 1989 837 2032 rerum
858 1983 888 2033 et
907 1968 1144 2046 intellectuum,
1164 1984 1195 2033 et
1213 1990 1277 2053 que
1296 1970 1337 2033 ab
1356 1990 1405 2045 eo,
1426 1991 1489 2054 que
1511 1972 1554 2034 ita
1575 1983 1622 2035 est
1645 1973 1678 2033 in
1703 1991 1736 2034 re
1757 1972 1840 2034 sicut
1861 1969 2066 2045 enunciatur‚

730 2092 776 2140 est
795 2078 934 2141 omnino
954 2096 1030 2141 uera
1041 2098 1050 2155 ;
1071 2091 1113 2153 et,
1134 2078 1159 2141 si
1181 2077 1293 2141 nullus
1314 2078 1413 2142 homo
1433 2093 1479 2141 est
1499 2078 1611 2156 homo,
1633 2078 1715 2141 nihil
1734 2093 1781 2142 est
1796 2097 1908 2141 verum
1924 2076 2012 2160 quod
2033 2078 2066 2138 in

672 2213 701 2243 10
730 2203 836 2246 rerum
859 2198 986 2260 natura,
1002 2199 1038 2248 ut
1053 2204 1112 2247 nec
1128 2185 1195 2267 ipse
1209 2198 1256 2248 est
1271 2185 1407 2261 animal,
1424 2205 1483 2248 nec
1501 2185 1634 2268 aliquod
1654 2185 1793 2250 aliorum
1814 2186 1959 2260 encium,
1978 2183 2065 2267 quod

730 2291 788 2353 hec
802 2290 880 2354 falsa
897 2293 938 2354 sit
954 2312 961 2354 ε
979 2292 1080 2356 homo
1094 2305 1142 2355 est
1155 2292 1278 2355 animal
1296 2291 1389 2355 nullo
1404 2292 1540 2356 homine
1558 2294 1722 2356 existente.

809 2398 872 2462 Sed
892 2411 1005 2463 contra
1026 2401 1103 2463 istos
1126 2414 1282 2482 ponentes
1302 2399 1513 2465 determinate
1534 2419 1604 2463 eam
1629 2399 1758 2474 falsam,
1779 2398 1983 2482 arguendum
2006 2411 2065 2474 est,

728 2507 811 2569 sicut
830 2520 981 2589 argutum
1001 2520 1048 2570 est
1068 2508 1101 2568 in
1121 2506 1331 2589 opponendo,
1348 2526 1425 2570 nam
1445 2508 1472 2569 si
1492 2506 1611 2590 aliquis
1631 2507 1791 2571 subtiliter
1806 2508 1981 2582 intueatur,
1998 2525 2065 2569 non

729 2625 831 2695 potest
846 2633 961 2695 negare
975 2613 1180 2689 antecedens,
1196 2613 1326 2688 scilicet,
1343 2614 1431 2696 quod
1447 2614 1547 2678 homo
1563 2626 1610 2677 est
1625 2613 1738 2689 homo,
1753 2633 1811 2676 nec
1826 2632 1941 2696 negare
1955 2632 2067 2677 conse-

670 2737 698 2781 15
728 2721 900 2803 quenciam
916 2740 981 2803 qua
1000 2723 1145 2803 arguitur
1160 2721 1329 2785 hominem
1350 2740 1418 2784 esse
1436 2720 1573 2797 animal,
1594 2722 1677 2785 sicut
1697 2720 1867 2784 manifeste
1887 2719 2066 2784 decla-ratur

727 2828 937 2910 opponendo.

806 2935 873 2997 Alii
896 2935 1047 2998 dixerunt
1071 2934 1158 3017 quod
1186 2937 1255 3018 ipsa
1280 2948 1362 2999 esset
1388 2955 1476 3012 uera,
1501 2936 1555 3000 sed
1583 2936 1633 2999 isti
1659 2935 1877 2999 diuersimode
1900 2935 2064 3009 dixerunt,

726 3042 804 3124 quia
827 3041 979 3105 dixerunt
1001 3042 1089 3125 quod
1114 3062 1304 3125 quanquam
1332 3041 1444 3106 nullus
1466 3042 1568 3106 homo
1592 3043 1633 3106 sit
1657 3044 1689 3104 in
1715 3062 1782 3106 esse
1808 3041 1939 3118 actuali,
1965 3042 2065 3106 homo

726 3161 836 3212 tamen
862 3162 910 3212 est
933 3150 967 3212 in
992 3169 1059 3212 3333
1084 3152 1238 3225 33333313,
1262 3164 1293 3213 et
1315 3152 1393 3233 quia
1416 3170 1484 3213 esse
1507 3152 1648 3214 essencie
1673 3162 1704 3213 et
1727 3149 1943 3213 diffinitiuum
1972 3151 2065 3232 ponit

665 3285 698 3317 20
726 3255 849 3318 animal
865 3256 904 3319 de
925 3257 1006 3338 ipso,
1022 3277 1097 3320 vera
1116 3271 1163 3320 est
1183 3258 1263 3319 hec:
1286 3256 1388 3321 homo
1406 3270 1453 3320 est
1472 3257 1608 3334 animal,
1625 3256 1705 3320 falsa
1725 3271 1833 3321 tamen
1857 3259 1917 3321 ista
1934 3277 1941 3320 ε
1963 3257 2064 3321 homo

725 3375 783 3438 est,
799 3381 837 3426 eo
852 3362 940 3445 quod
955 3376 1013 3437 est,
1029 3364 1220 3427 secundario
1238 3363 1400 3439 adiacens,
1423 3366 1555 3447 ponitur
1568 3384 1637 3428 esse
1651 3364 1786 3428 actuale.

805 3469 867 3533 Sed
889 3469 951 3533 hoc
971 3489 1036 3533 non
1057 3490 1184 3547 verum,
1204 3472 1281 3553 quia
1301 3490 1367 3534 333
1390 3483 1492 3554 potest
1511 3491 1676 3535 remanere
1697 3473 1797 3535 homo
1817 3473 1851 3534 in
1871 3491 1939 3535 esse
1957 3490 2064 3534 essen-

724 3575 797 3639 ciali
824 3578 904 3660 quin
936 3591 1099 3641 remaneat
1128 3579 1160 3640 in
1190 3597 1258 3641 esse
1285 3578 1416 3654 actuali,
1444 3598 1520 3641 nam
1550 3579 1591 3642 ad
1619 3599 1688 3642 esse
1715 3576 1889 3642 essenciale
1918 3579 2062 3641 hominis

725 3685 862 3767 pertinet
894 3684 1060 3748 actualitas
1088 3684 1232 3761 essendi,
1261 3687 1319 3748 etsi
1354 3705 1421 3749 non
1456 3685 1518 3749 hoc
1551 3685 1672 3762 solum,
1701 3688 1779 3768 quia
1811 3685 1851 3748 ad
1885 3685 2061 3748 essenciam

664 3810 696 3854 25
726 3791 871 3855 hominis
892 3794 1027 3875 pertinet
1047 3793 1195 3875 potencia
1214 3806 1244 3855 et
1262 3807 1363 3856 actus.
1382 3792 1544 3857 Differunt
1563 3794 1652 3856 enim
1672 3812 1741 3856 esse
1759 3792 1932 3856 essenciale
1950 3805 1981 3855 et
1995 3811 2063 3855 esse

724 3899 848 3962 actuale
867 3899 1005 3963 alicuius
1025 3902 1058 3961 in
1080 3900 1141 3963 hoc
1159 3898 1248 3982 quod
1269 3899 1386 3963 dicitur
1404 3919 1473 3963 esse
1492 3900 1629 3975 actuale,
1646 3899 1727 3963 illud
1750 3899 1839 3982 quod
1863 3901 2000 3982 pertinet
2021 3898 2062 3961 ad

724 4006 940 4071 actualitatem
961 4008 1102 4069 essencie
1116 4008 1202 4083 eius3
1219 4026 1287 4069 3333
1301 4021 1409 4070 autem
1431 4009 1572 4070 essencie
1591 4007 1669 4071 dicit
1688 4022 1794 4071 totum
1814 4006 1903 4090 quod
1925 4007 2062 4089 pertinet

723 4113 764 4176 ad
779 4115 945 4178 entitatem
962 4116 1043 4197 3133,
1060 4116 1129 4177 3133
1150 4115 1309 4197 potencia,
1326 4116 1395 4177 siue
1413 4128 1514 4189 actus,
1533 4114 1712 4178 indicatum
1735 4134 1790 4197 per
1808 4112 2059 4177 diffinicionem.

724 4221 822 4301 Quod
838 4223 863 4284 si
880 4221 920 4284 ad
935 4241 1003 4284 esse
1017 4222 1159 4284 essencie
1173 4222 1318 4285 hominis
1338 4235 1368 4283 et
1387 4221 1426 4283 ad
1447 4220 1626 4284 diffinitum
1645 4221 1781 4304 pertinet
1796 4220 1976 4294 actualitas
1992 4220 2062 4283 des-

663 4347 695 4391 33
722 4341 828 4392 tructo
843 4329 959 4391 actuali
978 4348 1043 4393 non
1061 4342 1205 4392 remanet
1219 4327 1404 4404 essenciale,
1420 4348 1495 4390 cum
1511 4327 1685 4391 essenciale
1705 4326 1786 4390 illud
1804 4329 1837 4390 in
1854 4347 1887 4390 se
1903 4327 2059 4410 implicet.

805 4435 961 4511 preterea,
982 4435 1022 4498 ad
1044 4437 1221 4499 essenciam
1243 4435 1388 4499 hominis
1408 4454 1474 4499 non
1497 4436 1634 4517 pertinet
1656 4434 1790 4518 aliquod
1812 4433 2059 4498 individuorum

725 4562 783 4605 nec
803 4543 860 4605 iste
879 4562 1003 4618 carnes,
1021 4563 1079 4605 nec
1099 4544 1158 4606 ista
1177 4562 1262 4619 3333,
1283 4544 1359 4625 quia
1380 4556 1483 4624 partes
1505 4541 1750 4606 individuorum
1772 4561 1838 4605 non
1860 4556 1937 4604 sunt
1957 4556 2060 4624 partes

723 4649 838 4732 speciei
851 4669 860 4725 ;
882 4650 982 4713 homo
1003 4662 1112 4713 tamen
1129 4654 1140 4692 ¹
1156 4669 1222 4713 non
1243 4663 1289 4713 est
1311 4651 1381 4713 sine
1404 4651 1473 4712 istis
1494 4650 1647 4712 carnibus
1668 4664 1698 4712 et
1720 4649 1859 4713 ossibus.
1878 4648 1950 4711 Η33
1971 4650 2059 4711 enim

724 4755 785 4820 fuit
799 4756 887 4839 quod
908 4758 1031 4840 decepit
1051 4757 1228 4840 platonem.
1245 4757 1331 4836 Quia
1347 4756 1427 4819 vidit
1445 4757 1534 4839 quod
1555 4769 1670 4819 natura
1690 4756 1836 4819 humana
1851 4769 1918 4819 erat
1936 4755 2060 4838 aliquid

662 4882 693 4927 35
724 4864 851 4927 racione
874 4864 1072 4927 abstractum
1097 4864 1138 4927 ab
1163 4864 1354 4941 individuis,
1377 4877 1407 4927 et
1428 4864 1468 4927 ad
1491 4865 1585 4927 cuius
1608 4865 1784 4927 essenciam
1812 4883 1878 4926 non
1904 4863 2061 4946 pertineat

723 4970 856 5054 aliquod
883 4970 1145 5048 individuorum,
1171 4991 1230 5035 nec
1257 4972 1389 5034 materia
1418 4972 1547 5054 propria
1572 4990 1698 5046 eorum,
1725 4970 1861 5034 credidit
1889 4969 2057 5034 hominem

813 5197 822 5229 ¹
845 5196 890 5252 Ms
904 5223 940 5241 =
953 5196 1041 5252 enim.
