4880 6546
640 905 757 957 ccxxiv

730 1082 864 1149 L'ecole
895 1080 1255 1149 albertino-thomiste
1287 1080 1374 1147 tient
1405 1098 1475 1148 une
1505 1078 1658 1168 position
1693 1078 1969 1149 intermediaire.

640 1224 660 1262 «
682 1201 746 1266 Les
776 1213 936 1287 attaques
966 1213 1089 1266 contre
1119 1197 1304 1277 Averroes,
1336 1197 1422 1265 ecrit
1454 1198 1591 1277 Renan,
1623 1197 1798 1264 semblent
1828 1219 1863 1265 se
1894 1198 1970 1276 lier,

639 1317 724 1383 chez
741 1316 835 1382 saint
850 1315 1013 1383 Thomas
1029 1329 1062 1381 et
1078 1316 1168 1381 dans
1188 1313 1307 1382 l'ecole
1326 1313 1579 1394 dominicalne,
1597 1335 1642 1381 au
1660 1314 1754 1381 desit
1769 1315 1812 1381 de
1832 1334 1970 1392 sauver,

639 1454 682 1499 en
711 1454 780 1499 une
806 1433 959 1499 certaine
986 1452 1138 1509 mesure,
1167 1430 1400 1498 l'orthodoxie
1425 1431 1472 1496 du
1499 1430 1773 1518 peripatetisme,
1796 1452 1839 1497 en
1867 1431 1972 1498 sacri-

639 1548 727 1616 fiant
756 1549 804 1616 les
834 1550 1039 1636 interpretes
1067 1563 1100 1614 et
1128 1561 1268 1614 surtout
1297 1547 1345 1613 les
1371 1549 1503 1614 Arabes
1525 1551 1547 1611 ¹.
1576 1572 1596 1611 »
1622 1548 1719 1614 Cette
1747 1546 1970 1614 observation

638 1682 690 1733 est
716 1665 854 1745 fondee,
882 1680 1023 1732 surtout
1048 1686 1090 1731 en
1119 1678 1194 1730 tant
1219 1664 1346 1751 qu’elle
1368 1664 1441 1730 vise
1462 1664 1625 1731 Thomas
1651 1664 1822 1750 d'llquin.
1851 1663 1972 1730 Albert

639 1785 710 1871 agit
735 1782 815 1870 plus
845 1783 1034 1848 librement
1059 1802 1141 1848 avec
1165 1780 1331 1859 Aristote‚
1358 1794 1392 1846 et
1418 1801 1509 1847 nous
1534 1801 1697 1868 pouvons
1724 1781 1754 1847 le
1781 1780 1973 1868 pressentir

640 1899 799 1987 lorsqu'il
820 1921 910 1965 nous
927 1898 1063 1966 declare
1080 1898 1188 1985 qu'on
1212 1896 1363 1963 n'arrive
1380 1897 1399 1963 ὲ
1416 1898 1487 1963 etre
1509 1918 1556 1963 un
1574 1897 1742 1964 veritable
1759 1896 1972 1985 philosophe

638 2214 699 2270 illas
724 2214 802 2269 ideas
825 2212 998 2285 praecipuus
1021 2210 1176 2284 impugnat
1201 2210 1229 2266 in
1253 2210 1372 2275 Ethicis,
1398 2211 1448 2265 ubi
1471 2211 1551 2277 dicit,
1575 2213 1656 2284 quod
1680 2230 1833 2270 summum
1858 2216 1970 2273 bonum

638 2320 697 2359 non
720 2316 815 2376 potest
832 2320 895 2358 esse
914 2302 985 2357 idea.
1010 2302 1044 2357 Et
1064 2301 1135 2356 nihil
1157 2302 1252 2356 valent
1270 2300 1395 2356 rationes
1415 2317 1494 2367 suae,
1516 2314 1544 2357 et
1563 2302 1785 2360 Commentator
1806 2306 1893 2362 solvit
1913 2323 1969 2361 eas.

729 2393 769 2448 Ex
794 2394 850 2449 isto
874 2408 968 2447 errore
993 2391 1125 2463 sequitur
1149 2391 1223 2445 alius
1248 2405 1336 2454 error,
1363 2390 1471 2447 scilicet
1495 2392 1576 2462 quod
1599 2393 1676 2448 Deus
1700 2410 1759 2448 non
1785 2395 1870 2451 habet
1894 2413 1972 2468 prae-

637 2483 787 2539 scientiam
810 2498 862 2538 nec
884 2481 1107 2555 providentiam,
1129 2497 1162 2534 ex
1185 2496 1246 2551 quo
1267 2497 1327 2535 non
1350 2481 1435 2535 habet
1454 2480 1578 2537 rationes
1600 2498 1696 2538 rerum
1718 2483 1746 2538 in
1769 2500 1808 2550 se,
1831 2501 1880 2557 per
1897 2502 1971 2557 quas

636 2585 803 2643 cognoscat.
826 2572 935 2627 Dicunt
955 2571 1053 2636 etiam,
1075 2570 1157 2641 quod
1178 2570 1258 2625 nulla
1279 2570 1382 2625 veritas
1402 2570 1438 2625 de
1461 2570 1561 2626 futuro
1581 2584 1624 2628 est
1646 2571 1701 2628 nisi
1722 2574 1825 2630 veritas
1846 2591 1972 2631 necessa·

638 2663 747 2717 riorum
761 2678 768 2725 ;
785 2673 812 2717 et
829 2662 931 2717 veritas
947 2660 1183 2731 contingentium
1200 2676 1259 2715 non
1276 2672 1320 2716 est
1335 2659 1448 2717 veritas.

728 2752 761 2807 Et
776 2768 810 2806 ex
826 2753 881 2805 hoc
897 2750 1039 2821 sequitur,
1056 2748 1138 2820 quod
1153 2748 1254 2804 omnia
1274 2748 1345 2805 liant
1363 2766 1379 2803 a
1398 2765 1478 2815 casu,
1496 2751 1537 2805 vel
1558 2751 1727 2807 necessitate
1746 2752 1835 2808 fatali.
1854 2754 1887 2810 Et
1902 2755 1972 2825 quia

638 2841 818 2913 impossibile
836 2852 879 2896 est
897 2838 956 2894 fieri
975 2856 991 2893 a
1008 2855 1089 2905 casu,
1113 2838 1177 2893 ideo
1198 2838 1345 2894 inducunt
1366 2838 1565 2895 necessitatem
1587 2839 1701 2896 fatalem
1724 2842 1842 2909 Arabes,
1864 2843 1972 2898 scilicet

637 2931 717 3002 quod
735 2932 798 2985 illae
813 2929 993 2985 substantiae
1009 2940 1159 2984 moventes
1175 2929 1275 2983 orbem
1296 2940 1366 2984 sunt
1380 2944 1483 2984 causae
1498 2929 1634 2985 omnium
1655 2931 1840 2989 necessariae.
1859 2932 1899 2987 Ex
1916 2934 1971 2988 hoc

637 3021 770 3091 sequitur
790 3020 892 3074 veritas
913 3020 1068 3084 occultata,
1095 3019 1203 3074 scilicet
1226 3017 1428 3090 dispositionis
1454 3018 1651 3075 mundialium
1676 3021 1841 3077 secundum
1863 3039 1971 3094 poenas

636 3123 663 3166 et
688 3109 821 3180 gloriam.
849 3109 876 3164 Si
903 3109 980 3163 enim
1008 3110 1071 3162 illae
1097 3108 1277 3163 substantiae
1303 3121 1422 3164 movent
1447 3124 1506 3163 non
1532 3122 1668 3175 errantes,
1695 3110 1766 3165 nihrl
1792 3112 1912 3183 ponitur
1936 3112 1971 3167 de

637 3199 760 3264 inlern0,
784 3215 836 3254 nec
856 3197 937 3268 quod
960 3198 998 3254 sit
1017 3197 1143 3253 daemon
1155 3213 1162 3263 ;
1188 3214 1240 3252 nec
1260 3198 1428 3253 Aristoteles
1449 3214 1581 3269 unquam
1604 3200 1703 3270 posuit
1724 3200 1896 3256 daemonem
1919 3217 1971 3256 nec

637 3288 847 3345 beatitudinem
872 3299 938 3359 post
962 3288 1037 3342 hanc
1059 3288 1160 3352 vitam,
1185 3299 1217 3343 ut
1240 3286 1362 3343 videtur.
1390 3287 1445 3342 lste
1467 3299 1510 3343 est
1531 3304 1598 3358 ergo
1624 3288 1726 3361 triplex
1749 3306 1836 3356 error,
1863 3291 1971 3347 scilicet

636 3378 794 3435 occultatio
810 3377 1060 3448 exemplaritatis‚
1076 3376 1197 3431 divinae
1208 3376 1427 3448 providentiae,
1443 3376 1652 3448 dispositionis
1667 3379 1844 3435 mandanae.

727 3468 767 3522 Ex
781 3466 892 3538 quibus
907 3466 1041 3537 sequitur
1056 3467 1158 3538 triplex
1173 3467 1295 3522 caecitas
1309 3467 1352 3520 vel
1368 3466 1470 3536 caligo,
1488 3466 1596 3521 scilicet
1611 3467 1646 3521 de
1661 3468 1840 3523 aeternitate
1855 3470 1969 3535 mandi,

637 3570 669 3614 ut
691 3550 805 3613 videtur
825 3556 919 3610 dicere
939 3556 1107 3611 Aristoteles
1128 3556 1292 3611 secundum
1314 3571 1417 3610 omnes
1438 3555 1573 3610 doctores
1591 3557 1726 3623 Graecos,
1748 3571 1780 3614 ut
1798 3559 1969 3630 Gregorium

636 3648 822 3721 Nyssenum,
851 3645 1023 3715 Gregorium
1052 3645 1288 3711 Nazianzenum‚
1315 3646 1549 3711 Damascenum,
1579 3646 1736 3713 Basilium,
1765 3661 1792 3704 et
1821 3664 1971 3704 commen·

635 3749 742 3793 tatores
767 3736 903 3792 omnium
931 3735 1072 3801 Arabum,
1101 3735 1152 3806 qui
1178 3736 1293 3801 dicunt,
1320 3733 1401 3806 quod
1427 3734 1596 3790 Aristoteles
1623 3736 1678 3791 hoc
1706 3737 1806 3804 sensit,
1833 3750 1861 3794 et
1886 3738 1972 3793 verba

635 3843 688 3882 sua
707 3842 810 3882 sonare
828 3827 974 3883 videntur.
996 3826 1157 3897 Nunquam
1177 3825 1315 3891 invenies,
1333 3824 1414 3895 quod
1434 3825 1495 3897 ipse
1512 3827 1600 3891 dicat,
1616 3826 1697 3897 quod
1717 3826 1849 3882 mundus
1869 3828 1971 3884 habuit

636 3915 813 3987 principium
835 3917 878 3971 vel
900 3916 1036 3981 initium;
1060 3916 1153 3970 immo
1171 3914 1318 3984 redarguit
1337 3916 1497 3982 Platonem,
1519 3916 1571 3987 qui
1592 3918 1673 3971 solus
1691 3916 1806 3972 videtur
1826 3916 1969 3988 posuisse,

636 4017 752 4078 tempus
768 4006 920 4078 incepisse.
938 4005 973 4060 Et
989 4005 1067 4061 istud
1084 4016 1227 4077 repugnat
1242 4004 1346 4059 lumini
1363 4004 1499 4060 veritatis.

725 4094 766 4149 Ex
782 4095 838 4150 isto
854 4095 988 4166 sequitur
1002 4095 1056 4149 alia
1069 4094 1191 4149 caecitas
1205 4093 1241 4148 de
1256 4093 1371 4147 unitate
1386 4093 1565 4159 intellectas,
1580 4094 1650 4166 quia
1665 4095 1688 4149 si
1705 4095 1825 4166 ponitur
1839 4095 1971 4150 mundus

634 4196 779 4249 aeternus,
801 4183 962 4239 necessario
982 4183 1102 4255 aliquod
1123 4184 1247 4238 istorum
1268 4183 1424 4254 sequitur:
1446 4185 1489 4238 vel
1504 4183 1586 4255 quod
1606 4184 1720 4239 animae
1740 4196 1810 4240 sunt
1829 4184 1968 4249 infinitae,

635 4289 703 4328 cum
728 4274 864 4329 homines
886 4273 993 4329 suerint
1016 4272 1142 4337 infiniti;
1164 4273 1207 4328 vel
1228 4271 1309 4344 quod
1332 4272 1431 4327 anima
1453 4284 1495 4328 est
1517 4273 1735 4345 corruptibilis;
1757 4274 1800 4328 vel
1823 4273 1904 4344 quod
1927 4284 1971 4328 est

634 4363 768 4418 transitio
791 4362 827 4418 de
848 4378 968 4434 corpore
991 4363 1019 4417 in
1041 4377 1167 4434 corpus;
1190 4363 1232 4417 vel
1254 4360 1335 4432 quod
1359 4362 1522 4418 intellectus
1545 4362 1583 4419 sit
1605 4379 1683 4418 unus
1707 4363 1736 4417 in
1757 4362 1898 4418 omnibus
1918 4361 1969 4434 qui

634 4468 713 4507 error
727 4452 894 4509 attribuitur
910 4452 1054 4508 Aristoteli
1071 4451 1235 4507 secundum
1252 4452 1533 4507 Commentatorem.

725 4542 765 4596 Ex
782 4542 827 4597 his
842 4541 962 4597 duobus
978 4542 1120 4612 sequitur,
1137 4541 1217 4612 quod
1235 4553 1299 4613 post
1316 4542 1390 4595 hanc
1404 4541 1493 4596 vitam
1510 4553 1628 4597 nonest
1641 4542 1781 4612 felicitas
1796 4559 1848 4597 nec
1860 4558 1968 4613 poena.

724 4631 760 4686 lli
784 4648 851 4702 ergo
874 4631 1041 4686 ceciderunt
1064 4631 1093 4686 in
1116 4647 1225 4686 errores
1249 4647 1301 4685 nec
1324 4630 1442 4687 fuerunt
1465 4631 1549 4685 divisi
1572 4648 1588 4686 a
1610 4631 1754 4695 tenebr1s;
1778 4644 1806 4686 et
1829 4631 1874 4685 isti
1900 4642 1971 4686 sunt

635 4720 753 4793 pessimi
768 4737 909 4776 errores...
930 4721 1007 4776 Licet
1023 4737 1129 4791 magna
1144 4722 1194 4775 lux
1207 4719 1352 4775 videretur
1365 4720 1395 4775 in
1409 4721 1449 4775 eis
1464 4720 1671 4792 (philosophis)
1685 4737 1718 4775 ex
1733 4719 1970 4792 praecedentibus

635 4810 772 4875 scientiis,
793 4822 889 4866 tamen
909 4809 1007 4865 omnis
1025 4810 1206 4879 extinguitur
1224 4826 1273 4882 per
1291 4825 1400 4865 errores
1421 4810 1594 4881 praedictos.
1616 4810 1650 4866 Et
1667 4810 1714 4864 alii
1729 4808 1868 4874 videntes,
1888 4808 1968 4879 quod

634 4912 734 4956 tantus
753 4899 808 4955 luit
826 4901 994 4956 Aristoteles
1014 4900 1043 4954 in
1065 4899 1128 4955 aliis
1148 4911 1176 4955 et
1197 4899 1235 4955 ita
1256 4899 1330 4955 dixit
1347 4901 1507 4965 veritatem,
1529 4899 1643 4955 credere
1662 4916 1721 4954 non
1742 4910 1876 4971 possunt,
1896 4898 1968 4969 quin
2001 4899 2010 4910 ‘

635 4990 662 5044 in
680 4989 742 5044 istis
757 4989 861 5045 dixerit
874 5005 985 5045 verum.
1002 4990 1034 5044 Ia
1051 4988 1270 5055 Hexaemeroa,
1287 4988 1411 5044 Collatio
1426 4989 1474 5055 Vl,
1491 4989 1587 5061 Opera
1603 4988 1715 5054 omnia,
1732 4988 1776 5043 ed.
1794 4987 1968 5057 Quaracchi,

575 5126 579 5133 .
635 5091 655 5134 t.
672 5078 705 5144 V,
724 5095 751 5150 p.
770 5077 879 5134 aanor.

725 5168 734 5200 ¹
755 5168 863 5233 henan,
880 5169 1028 5223 averroes
1043 5176 1071 5222 et
1087 5168 1308 5232 t'Averro'tsme,
1327 5184 1355 5240 p.
1372 5168 1433 5222 215.
