4872 6552
981 918 1021 941 .·...
1062 908 1103 979 97
1145 918 1185 942 ...-

418 1092 503 1144 mata
528 1100 594 1144 non
620 1080 726 1144 solum
752 1095 829 1144 sunt
857 1083 1034 1145 necessaria
1055 1102 1093 1145 ex
1115 1083 1275 1165 principio
1305 1082 1492 1166 accipiendo
1512 1084 1524 1125 ¹
1548 1082 1747 1148 intellectum

417 1200 448 1251 et
470 1189 657 1264 scienciam,
682 1208 788 1253 rerum
815 1191 919 1252 immo
942 1192 1043 1253 eciam
1069 1189 1193 1252 habens
1215 1194 1227 1232 1
1250 1191 1423 1253 scienciam
1448 1190 1652 1255 considerare
1681 1211 1748 1255 non

417 1306 520 1377 potest
547 1297 617 1358 sine
640 1295 838 1379 quibusdam
869 1295 982 1359 formis
1011 1298 1146 1360 sensatis
1169 1310 1200 1360 et
1222 1298 1417 1380 ymaginatis
1443 1300 1573 1361 retentis
1595 1302 1617 1360 1.
1644 1298 1748 1362 Cuius

417 1402 546 1483 signum
569 1415 616 1465 est
637 1402 737 1486 quod,
761 1403 826 1466 lesa
847 1403 987 1487 quadam
1012 1418 1098 1487 parte
1120 1405 1263 1486 corporis
1282 1418 1318 1468 ut
1336 1424 1458 1488 organo
1477 1407 1748 1488 ymaginacionis,

417 1506 518 1571 homo
533 1510 622 1592 prius
637 1512 741 1573 sciens
756 1511 928 1574 scienciam
942 1512 1081 1588 amittit,
1096 1511 1183 1594 quod
1199 1530 1266 1574 non
1278 1513 1477 1594 contingeret
1490 1514 1552 1575 nisi
1569 1512 1750 1576 intellectus
1779 1529 1792 1573 5

416 1614 609 1698 dependeret
624 1637 641 1680 a
656 1637 788 1700 corpore
804 1619 836 1679 in
854 1617 1075 1700 intelligendo.
1094 1618 1178 1683 Sunt
1194 1619 1289 1701 igitur
1304 1639 1408 1682 unum
1425 1620 1537 1683 anima
1553 1619 1750 1683 intellectiua

416 1734 447 1785 et
467 1742 584 1806 corpus
607 1725 639 1785 in
662 1743 768 1808 opere,
791 1726 868 1808 quia
891 1727 924 1787 in
948 1745 1054 1787 unum
1075 1745 1158 1808 opus
1177 1726 1399 1803 conueniunt;
1423 1740 1546 1790 etcum
1569 1726 1750 1791 intellectus

416 1828 594 1912 dependeat
613 1850 651 1893 ex
670 1851 802 1914 corpore
821 1845 853 1895 et
872 1830 1066 1896 fantasmate
1087 1833 1121 1894 in
1145 1831 1366 1915 intelligendo,
1388 1853 1455 1897 non
1477 1834 1637 1917 dependet
1654 1854 1693 1897 ex
1711 1854 1749 1898 eo

416 1930 562 2001 sicut'ex
588 1937 733 2001 subiecto
760 1940 794 2001 in
820 1958 887 2022 quo
913 1940 955 2002 sit
985 1939 1179 2022 intelligere,
1206 1939 1260 2003 sed
1292 1942 1374 2003 sicut
1399 1960 1437 2003 ex
1468 1940 1593 2005 obiecto
1618 1945 1643 2015 1,
1673 1961 1747 2005 cum

416 2042 611 2108 fantasmata
637 2047 704 2108 sint
729 2045 904 2109 intellectui
932 2048 1014 2110 sicut
1040 2047 1206 2110 sensibilia
1230 2050 1350 2110 sensui.
1381 2047 1420 2111 Et
1444 2061 1491 2111 est
1513 2048 1749 2112 attendendum
1782 2078 1811 2110 ιο

415 2150 520 2233 quod,
555 2170 632 2215 cum
662 2152 717 2215 illa
745 2173 809 2236 que
837 2152 959 2217 habent
986 2173 1070 2237 opus
1098 2174 1275 2218 commune
1311 2176 1378 2218 non
1414 2156 1683 2239 qualitercunque
1717 2175 1751 2219 se

416 2257 572 2321 habencia
595 2258 676 2322 illud
698 2274 877 2335 exerceant,
898 2260 986 2343 quod
1007 2260 1188 2324 intellectus
1208 2281 1263 2344 per
1283 2277 1433 2326 naturam
1458 2283 1550 2326 suam
1571 2265 1681 2327 vnitus
1703 2276 1750 2326 est

415 2378 446 2428 et
460 2366 641 2449 applicatus
655 2368 781 2450 corpori
798 2381 894 2431 natus
910 2368 1086 2450 intelligere
1101 2389 1139 2431 ex
1154 2371 1224 2432 eius
1239 2368 1499 2434 fantasmatibus.

497 2472 536 2536 Et
568 2486 700 2557 apparet
725 2494 764 2537 ex
791 2476 854 2538 iam
882 2475 976 2538 dictis
999 2477 1012 2518 1
1039 2475 1177 2559 qualiter
1210 2496 1276 2540 non
1314 2476 1420 2540 solum
1455 2477 1629 2542 intellectui
1654 2482 1667 2520 1
1694 2477 1750 2541 sed

416 2580 543 2643 homini
566 2581 760 2645 attribuatur
782 2582 969 2666 intelligere.
995 2582 1066 2646 Hoc
1086 2584 1174 2645 enim
1200 2603 1266 2647 non
1288 2597 1335 2647 est
1356 2586 1433 2667 quia
1455 2585 1631 2668 intelligere
1649 2598 1696 2648 est
1715 2587 1748 2647 in
1782 2602 1811 2646 15

415 2706 559 2769 corpore,
580 2691 711 2771 neque⁷
730 2689 807 2771 quia
827 2689 1021 2754 fantasmata
1041 2692 1171 2753 suntin
1191 2710 1334 2773 corpore.
1357 2690 1419 2755 Sed
1438 2710 1514 2755 cum
1536 2691 1638 2756 homo
1659 2692 1751 2755 intel-

415 2792 504 2876 ligat,
521 2793 582 2857 hoc
596 2808 644 2858 est
659 2815 772 2859 verum
793 2796 974 2860 secundum
992 2810 1113 2880 partem
1129 2799 1199 2860 eius
1218 2817 1281 2881 que
1296 2811 1343 2862 est
1362 2798 1555 2875 intellectus,
1572 2799 1658 2863 vnde
1673 2801 1750 2883 quia

417 2900 597 2965 intellectus
615 2903 676 2965 in8
696 2902 906 2987 intelligendo
925 2918 972 2967 est
991 2923 1128 2986 operans
1144 2906 1365 2968 intrinsecus⁹
1384 2905 1424 2968 ad
1444 2926 1561 2988 corpus
1582 2926 1637 2989 per
1655 2927 1749 2970 suam

416 3021 580 3084 naturam,
596 3011 803 3092 operaciones
822 3025 929 3074 autem
952 3012 1200 3075 intrinsecarum
1222 3015 1433 3095 operancium
1454 3015 1523 3076 siue
1542 3015 1608 3077 sint
1628 3027 1748 3090 motus,

416 3116 484 3178 siue
499 3117 705 3199 operaciones
721 3119 786 3180 sint
798 3120 824 3161 ¹⁰
838 3119 908 3181 sine
924 3132 1027 3194 motu,
1044 3119 1266 3183 attribuuntur
1280 3121 1469 3204 compositis
1482 3124 1507 3164 ¹¹
1521 3140 1560 3184 ex
1576 3122 1750 3184 intrinseco
1779 3151 1811 3183 20

415 3224 560 3306 operanti
582 3228 618 3300 11,
642 3237 673 3287 et
696 3244 734 3288 eo
761 3225 802 3288 ad
830 3225 918 3308 quod
947 3227 993 3288 sic
1020 3228 1193 3291 intrinsece
1220 3241 1383 3310 operatur,
1401 3230 1503 3292 immo
1531 3229 1633 3291 eciam
1661 3228 1749 3311 apud

417 3329 630 3413 philosophos
651 3332 815 3396 intrinseci
837 3346 989 3409 motoreS,
1006 3333 1058 3396 uel
1074 3335 1247 3398 intrinsece
1265 3335 1306 3398 ad
1326 3335 1435 3418 aliqua
1450 3349 1631 3419 operantes,
1647 3335 1750 3399 forme

414 3450 445 3501 et
472 3437 686 3520 perfecciones
713 3458 826 3502 eorum
854 3440 1068 3523 appellantur.
1099 3440 1195 3504 Unde
1225 3442 1457 3525 Philosophus,
1483 3444 1517 3505 in
1542 3443 1685 3507 secundo
1710 3443 1750 3507 de

415 3545 549 3620 Anima,
565 3544 744 3629 dicitquod
761 3548 920 3621 animam,
938 3548 1117 3611 secundum
1135 3551 1160 3591 ¹³
1175 3549 1332 3632 quasdam
1351 3564 1467 3631 partes,
1483 3550 1583 3612 nichil
1601 3550 1751 3634 prohibet

416 3653 554 3732 separari
570 3672 588 3714 a
603 3671 746 3734 corpore,
766 3655 844 3735 quia
864 3652 988 3717 nullius
1007 3657 1150 3737 corporis
1169 3668 1247 3718 sunt
1265 3670 1367 3732 actuS,
1388 3670 1443 3719 aut
1463 3671 1540 3719 sunt
1558 3670 1648 3720 actus
1668 3659 1750 3721 sicut
1779 3674 1810 3718 25

417 3770 516 3820 nauta
536 3760 641 3821 nauis.
659 3759 722 3822 Vbi
739 3758 942 3823 Themistius
962 3760 1040 3825 dicit
1058 3762 1146 3845 quod
1163 3763 1342 3827 intellectus
1362 3765 1407 3826 sic
1427 3784 1459 3827 se
1476 3763 1593 3828 habere
1608 3764 1747 3829 uidetur.

419 3863 513 3928 Vnde
527 3866 800 3930 considerandum
822 3867 909 3950 quod
930 3867 1099 3931 hominem
1121 3870 1229 3952 ipsum
1250 3870 1391 3933 dicimus
1407 3871 1528 3948 uidere,
1543 3891 1619 3935 cum
1639 3885 1749 3937 tamen

417 3973 501 4035 uisio
521 3974 561 4035 sit
583 3975 616 4035 in
639 3973 709 4037 solo
730 3973 825 4038 oculo
840 3988 870 4038 et
891 3994 957 4038 non
979 3977 1020 4040 sit
1039 3977 1072 4037 in
1093 3977 1165 4039 aliis
1186 3977 1331 4060 partibus
1351 3978 1509 4054 hominis,
1533 3992 1569 4042 ut
1590 3980 1624 4042 in
1648 3980 1748 4062 pede3

417 4098 475 4142 nec
489 4093 536 4142 est
549 4100 663 4143 verum
684 4081 787 4144 dicere
808 4080 921 4164 pedem
942 4082 1064 4158 uidere,
1080 4096 1109 4146 et
1129 4085 1191 4146 nisi
1208 4084 1322 4147 oculus
1342 4085 1376 4148 in
1392 4105 1458 4169 quo
1473 4086 1543 4149 solo
1562 4100 1610 4150 est
1625 4088 1709 4150 uisio
1725 4090 1750 4131 11

415 4187 571 4250 vnionem
588 4188 613 4230 11
632 4187 763 4251 haberet
781 4188 821 4251 ad
841 4188 921 4251 alias
941 4204 1056 4271 partes,
1073 4210 1140 4253 non
1156 4205 1236 4254 esset
1251 4191 1424 4256 attribuere
1442 4193 1574 4256 cuidam
1590 4197 1616 4237 11
1635 4196 1692 4257 toti
1711 4214 1749 4256 err
1779 4208 1811 4254 30

415 4294 511 4358 oculo
533 4308 564 4358 et
589 4294 733 4378 partibus
759 4294 831 4358 aliis
853 4297 877 4339 ¹¹
902 4296 1022 4360 uidere.
1051 4297 1103 4360 Sic
1129 4311 1159 4362 et
1185 4298 1287 4362 homo
1313 4298 1464 4383 intelligit
1488 4320 1563 4363 cum
1590 4314 1700 4365 tamen
1724 4304 1749 4344 ¹⁸

416 4400 593 4483 intelligere
612 4403 653 4464 sit
669 4403 701 4464 in
718 4403 788 4466 solo
808 4402 971 4467 intellectu
992 4417 1022 4468 et
1038 4423 1104 4467 non
1126 4405 1159 4466 in
1179 4424 1332 4489 corpore3
1348 4407 1434 4470 vnde
1452 4427 1510 4470 nec
1523 4427 1641 4491 corpus
1657 4409 1749 4472 intel-

416 4507 484 4590 ligit
498 4511 524 4551 11
537 4528 738 4594 quamquam
760 4528 877 4593 corpus
897 4513 1027 4576 senciat.
1046 4511 1156 4575 Homo
1176 4526 1283 4577 autem
1307 4515 1374 4596 ipse
1396 4514 1546 4598 intelligit
1567 4515 1746 4578 secundum

497 4805 506 4837 ¹
518 4807 583 4860 P:
593 4805 754 4876 accipienti.
766 4839 802 4847 -
813 4807 824 4840 1
836 4808 857 4862 Ρ
868 4838 899 4848 -
911 4824 972 4878 4:
982 4819 1019 4864 et.
1035 4840 1068 4847 -
1082 4809 1093 4841 1
1106 4809 1129 4861 V
1142 4831 1178 4856 r:
1191 4809 1307 4865 retentis
1321 4823 1347 4866 et
1363 4810 1546 4883 ymaginatis.
1558 4844 1589 4850 -
1603 4811 1614 4843 1
1629 4811 1650 4863 V
1663 4812 1748 4867 :sic

416 4910 448 4947 ex
471 4894 613 4950 subiecto.
636 4928 670 4936 -
689 4897 701 4927 1
721 4896 744 4947 V
757 4918 793 4943 =
806 4896 862 4950 iam
886 4913 919 4952 ex
942 4895 1087 4968 predictis.
1102 4930 1136 4938 -
1156 4898 1168 4931 1
1183 4898 1205 4951 V
1219 4922 1256 4946 =
1273 4899 1445 4955 intellectus.
1465 4931 1498 4940 -
1519 4900 1529 4933 1
1548 4900 1620 4953 V:
1635 4917 1697 4955 nec.
1714 4930 1747 4942 -

415 4983 426 5015 1
451 4984 472 5037 Ρ
496 5015 526 5023 -
553 5000 573 5037 ι.
592 5016 625 5024 -
644 4985 656 5017 1
673 4985 744 5037 V=
759 4985 960 5041 intrinsecum.
978 5018 1011 5026 -
1036 4986 1094 5039 ¹⁰V
1113 5013 1149 5032 =
1169 4988 1226 5043 sint
1250 4988 1446 5060 operaciones.
1468 5021 1501 5029 —
1524 4989 1545 5022 ¹¹
1569 4991 1591 5045 P
1611 5021 1646 5030 -
1673 5007 1746 5045 1.-

416 5071 438 5104 11
449 5073 516 5127 Ρτ-
525 5074 672 5145 operantis
688 5075 847 5146 principiis.
864 5107 897 5114 -
917 5076 940 5108 11
959 5076 1028 5126 V:
1038 5076 1110 5132 siue.
1125 5107 1160 5116 -
1180 5077 1202 5109 11
1223 5078 1244 5132 Ρ
1262 5108 1296 5119 -
1320 5095 1341 5132 1.
1357 5109 1390 5117 -
1411 5076 1434 5111 11
1452 5078 1474 5129 V
1490 5103 1526 5124 =
1542 5078 1697 5135 visionem.
1713 5110 1747 5119 —

417 5160 438 5193 11
450 5162 473 5213 V
487 5187 522 5205 =
535 5174 637 5218 totam.
650 5194 685 5203 —
701 5164 721 5197 11
734 5164 757 5216 V
768 5164 875 5219 :aliis
890 5164 1031 5236 partibus.
1047 5197 1080 5204 -
1098 5165 1117 5198 11
1132 5167 1198 5221 P-
1216 5183 1237 5221 ι.
1253 5198 1286 5206 -
1302 5167 1324 5199 11
1336 5167 1359 5219 V
1372 5193 1407 5212 -ε
1420 5166 1549 5238 intelligi.

520 5270 671 5303 nraaumcas
1626 5277 1638 5320 7
