4872 6552
1322 888 1549 957 *114*

766 1072 864 1142 quam
898 1054 961 1122 alia
995 1061 1176 1142 composita
1212 1061 1371 1123 naturalia
1399 1080 1462 1144 que
1492 1081 1557 1124 non
1588 1061 1709 1125 habent
1738 1063 1799 1125 nisi
1830 1082 1928 1125 vnarn
1959 1057 2098 1127 formam

766 1167 947 1249 simplicem
974 1170 996 1243 1,
1022 1187 1077 1230 seu
1106 1167 1351 1250 perfeccionem.

847 1274 886 1337 Et
906 1277 1021 1337 iterum
1044 1275 1112 1357 ipsa
1127 1275 1274 1356 operacio
1294 1275 1495 1357 intelligendi
1516 1277 1620 1358 arguit
1634 1275 1852 1340 substanciam
1869 1278 1963 1339 cuius
1977 1290 2024 1339 est
2038 1277 2100 1340 hoc

764 1401 848 1464 opus
861 1382 1017 1444 aduenire
1031 1381 1071 1444 ab
1085 1383 1276 1457 extrinsec0,
1293 1396 1329 1444 ut
1343 1386 1356 1424 ²
1371 1383 1460 1465 prius
1474 1382 1597 1445 dictum
1614 1396 1671 1447 est,
1694 1383 1720 1445 N
1727 1383 1801 1445 ichil
1822 1398 1930 1447 autem
1951 1398 1997 1447 est
2011 1383 2098 1467 quod

722 1503 735 1546 5
765 1489 870 1572 arguit
889 1488 1123 1564 substanciam,
1139 1489 1232 1552 cuius
1251 1502 1299 1552 est
1317 1490 1465 1572 operacio
1485 1491 1653 1572 uegetandi
1674 1504 1705 1554 et
1723 1491 1900 1566 senciendi,
1921 1511 1988 1555 esse
2008 1491 2098 1554 illam

765 1617 827 1680 que
847 1596 982 1659 aduenit
1000 1596 1042 1659 ab
1061 1597 1251 1659 extrinseco.
1275 1596 1382 1659 lmmo
1401 1615 1476 1659 cum
1493 1597 1577 1661 dicte
1595 1599 1802 1680 operaciones
1822 1599 1887 1661 sint
1905 1599 2098 1681 corporales,

764 1705 973 1766 conuincitur
992 1704 1214 1766 substanciam
1235 1723 1252 1766 a
1272 1723 1336 1786 qua
1357 1717 1434 1767 sunt
1452 1704 1535 1767 dicte
1554 1705 1760 1786 operaciones
1780 1704 1872 1768 educi
1892 1705 1932 1767 de
1953 1707 2098 1788 potencia

766 1811 908 1875 materie.

847 1919 978 2001 Propter
994 1918 1181 1982 breuitatem
1202 1932 1324 1995 autem,
1340 1932 1370 1982 et
1384 1920 1461 2002 quia
1478 1938 1542 1982 non
1564 1931 1691 1982 tanturn
1708 1919 1847 1982 dubium
1864 1939 1930 1982 non
1946 1939 2098 1983 curamus

705 2052 735 2084 ιο
765 2027 968 2109 perscrutari,
989 2027 1015 2088 si
1036 2026 1254 2108 uegetatiuum
1275 2029 1332 2089 et8
1351 2028 1544 2089 sensitiuum
1567 2027 1632 2089 sint
1650 2027 1777 2090 diuerse
1795 2029 1809 2069 ⁴
1827 2027 2023 2103 substancie,
2043 2026 2097 2090 sed

763 2133 825 2196 hoc
844 2146 973 2196 tantum
994 2133 1162 2196 sciendum
1179 2134 1192 2174 ⁵
1212 2135 1244 2194 in
1266 2133 1327 2196 hoc
1347 2133 1418 2196 loco
1437 2132 1525 2216 quod
1544 2133 1724 2196 secundum
1746 2135 1912 2197 ueritatem
1933 2146 1963 2197 et
1977 2135 2098 2196 Aristo-

763 2240 834 2303 telis
861 2241 1095 2315 intencionem,
1111 2240 1209 2303 vnius
1236 2239 1339 2303 forme
1365 2254 1442 2303 sunt
1466 2242 1613 2323 potencie
1639 2242 1819 2304 secundum
1847 2240 1935 2323 quod
1961 2253 2038 2304 sunt
2062 2242 2096 2302 in

763 2346 876 2410 eodem
894 2348 1037 2410 uiuente.

935 2667 1006 2750 [lx.
1036 2669 1152 2731 Utrum
1174 2667 1325 2750 operario
1347 2666 1528 2730 intellectus
1547 2668 1593 2729 sit
1609 2667 1680 2730 eius
1699 2667 1887 2730 substancia
1898 2668 1927 2749 P]

704 2898 732 2941 15
843 2882 935 2946 Circa
969 2883 1026 2944 inm
1055 2902 1073 2944 a
1105 2883 1265 2964 principio
1302 2883 1540 2964 propositorum
1578 2882 1678 2944 sensit
1712 2881 1827 2965 Rabby
1856 2880 1976 2945 llloises
2008 2883 2095 2965 quod
2189 2924 2196 2939 .

761 2992 909 3072 operacio
929 2989 1110 3053 intellectus
1129 3003 1210 3052 esset
1230 2990 1417 3052 substancia
1436 2990 1515 3063 eius,
1539 2989 1581 3050 ita
1601 2987 1688 3071 quod
1710 2987 1891 3065 intellectus
1910 3001 1985 3051 ante
2006 2988 2096 3052 intel-

762 3097 857 3180 ligere
871 3098 941 3160 eius
957 3097 990 3159 in
1005 3109 1090 3171 actu,
1108 3095 1158 3159 uel
1176 3096 1208 3157 in
1225 3097 1351 3171 habitu,
1369 3115 1435 3158 non
1453 3096 1548 3158 habet
1563 3094 1783 3158 substanciam
1802 3096 1863 3157 nisi
1881 3097 1912 3157 in
1931 3097 2094 3178 potencia;

760 3218 791 3268 et
811 3205 909 3267 huius
928 3205 1028 3267 eciam
1049 3204 1216 3286 opinionis
1236 3203 1366 3266 uidetur
1381 3203 1479 3265 luisse
1494 3202 1681 3266 Aristoteles
1696 3206 1720 3277 ⁶,
1741 3222 1816 3265 cum
1832 3202 1929 3277 dicat,
1945 3204 2042 3265 tercio
2056 3202 2095 3265 de

761 3313 894 3387 Anima,
924 3310 1011 3395 quod
1041 3323 1175 3374 uocatus
1204 3311 1314 3373 anime
1342 3310 1535 3386 intellectus,
1564 3309 1637 3373 dico
1665 3323 1773 3373 autem
1805 3309 2002 3374 intellectum
2030 3329 2095 3392 quo

699 3447 731 3478 20
761 3419 919 3509 intelligit!
936 3431 967 3481 et
992 3431 1142 3501 operatur
1168 3420 1180 3459 ⁷
1207 3418 1329 3492 anima,
1358 3416 1457 3478 nichil
1483 3430 1530 3480 est
1555 3430 1627 3480 actu
1651 3420 1664 3458 ⁸
1690 3436 1802 3479 eorum
1829 3436 1893 3499 que
1919 3430 1996 3480 sunt
2021 3428 2095 3479 ante

761 3526 949 3609 intelligere,
973 3539 1003 3589 et
1028 3545 1141 3608 parum
1167 3537 1242 3587 ante
1263 3524 1340 3587 dicit
1362 3523 1449 3606 quod
1466 3523 1647 3587 intellectus
1670 3537 1745 3586 ante
1769 3523 1944 3607 intelligere
1968 3522 2093 3585 nullam

761 3648 911 3697 naturam
935 3631 1031 3696 habet
1053 3634 1116 3695 nisi
1140 3635 1235 3695 istam
1259 3631 1346 3714 quod
1370 3631 1545 3714 possibilis.

843 3740 880 3804 Et
904 3740 965 3803 hoc
988 3740 1089 3803 eciam
1115 3740 1243 3802 racione
1269 3740 1424 3821 arguitur.
1451 3738 1484 3801 Si
1511 3737 1692 3801 intellectus
1715 3751 1791 3801 ante
1815 3738 1991 3820 intelligere
2014 3753 2094 3802 esset

759 3862 831 3912 actu
852 3848 1037 3911 substancia
1056 3867 1131 3909 cum
1153 3848 1194 3909 sit
1212 3858 1390 3928 separatus,
1406 3859 1487 3910 esset
1506 3864 1562 3928 per
1576 3864 1609 3908 se
1629 3845 1851 3927 intelligibilis.
1874 3844 1970 3907 Nunc
1985 3858 2091 3909 autem

699 3970 730 4014 25
760 3976 828 4019 non
849 3954 1038 4037 intelligitur
1056 3968 1233 4036 antequam
1256 3951 1446 4017 intellexerit
1464 3952 1554 4015 aliud
1574 3972 1592 4014 a
1612 3972 1645 4015 se
1656 3973 1665 4029 ;
1687 3952 1772 4015 vnde
1791 3971 1824 4014 se
1846 3954 1954 4034 ipsum
1979 3951 2094 4016 intelli-

759 4076 886 4145 gentem
915 4061 1082 4143 intelligit,
1109 4074 1140 4123 et
1167 4080 1234 4123 non
1261 4073 1347 4122 ante.
1378 4058 1452 4123 Non
1482 4058 1578 4121 habet
1604 4060 1701 4142 igitur
1727 4073 1801 4122 ante
1829 4058 2005 4141 intelligere
2031 4058 2092 4120 nisi

760 4182 909 4232 naturam
940 4169 972 4230 in
1003 4168 1162 4251 potencia.
1200 4166 1379 4249 Intelligere
1413 4166 1510 4248 igitur
1536 4179 1583 4229 est
1615 4166 1684 4229 eius
1717 4166 1919 4241 substancia,
1954 4166 2037 4228 sicut
2063 4177 2093 4227 et

759 4295 906 4359 expresse
933 4276 1011 4339 dicit
1045 4274 1158 4357 Rabby
1187 4274 1328 4356 Moyses.
1365 4273 1497 4356 Propter
1525 4274 1586 4336 hoc
1618 4274 1706 4336 enim
1736 4286 1766 4336 et
1794 4272 1900 4336 sorme
1932 4272 2093 4336 naturales

760 4382 940 4447 materiales
959 4386 972 4424 ⁹
992 4382 1177 4445 substancie
1196 4394 1285 4458 sunt,
1305 4382 1382 4464 quia
1402 4399 1469 4443 non
1493 4381 1744 4463 presupponitur
1763 4380 1808 4443 eis
1828 4381 1891 4442 nisi
1911 4379 2091 4443 subiectum

698 4504 730 4549 ³0
761 4492 793 4553 in
819 4491 978 4574 potencia.
1005 4489 1153 4570 Quodsi
1178 4488 1359 4552 intellectus
1382 4500 1430 4551 est
1453 4487 1641 4551 huiusmodi
1667 4488 1707 4551 ad
1732 4489 1851 4570 species
1875 4486 2092 4570 intelligibiles

759 4596 911 4673 actuales,
928 4596 979 4659 uel
996 4595 1189 4672 habituales,
1205 4596 1265 4658 erit
1282 4608 1361 4658 tunc
1381 4593 1558 4676 intelligere
1578 4594 1763 4657 substancia
1784 4595 1919 4657 sciencie
1934 4596 1959 4636 1⁰
1978 4594 2090 4676 ipsius,

759 4704 822 4767 Sed
846 4703 983 4787 qualiter
1006 4717 1085 4767 tunc
1109 4701 1222 4766 debeat
1249 4702 1384 4784 intelligi
1411 4700 1499 4783 quod
1526 4702 1662 4764 sciencia
1689 4714 1736 4764 est
1759 4700 1897 4784 qualitas
1922 4699 1962 4763 de
1988 4700 2093 4783 prima

842 4962 934 5014 ¹V2:
947 4960 1166 5033 simpliciorem.
1184 4993 1216 5000 -
1231 4961 1241 4993 ²
1255 4961 1322 5028 Vl·
1333 4972 1370 5015 et.
1384 4992 1418 4999 -
1432 4961 1443 4992 ⁸
1457 4962 1478 5015 Ρ
1490 4984 1526 5009 =
1539 4960 1640 5015 eciam.
1660 4992 1691 4999 -
1707 4960 1717 4992 ⁴
1734 4959 1806 5011 V:
1819 4959 1885 5014 due.
1898 4990 1932 4999 —
1945 4958 1957 4991 ⁶
1971 4960 2040 5013 P:
2053 4958 2092 5013 fa·

759 5051 908 5106 ciendum.
926 5083 957 5090 -
971 5050 983 5082 ⁸
995 5051 1063 5103 V:
1074 5051 1241 5105 Aristoteles
1256 5049 1354 5105 tuisse.
1368 5082 1401 5089 --
1416 5050 1427 5083 ἵ
1441 5051 1462 5104 Ρ
1476 5050 1510 5119 -Ι-
1525 5065 1574 5104 seu
1589 5061 1734 5120 operatur.
1797 5048 1808 5081 ⁸
1823 5048 1846 5099 V
1859 5070 1894 5095 =
1908 5060 1974 5103 actu
1988 5059 2040 5104 est.
2062 5079 2092 5088 -

758 5140 852 5194 ⁹1³-
870 5157 891 5194 1.
907 5171 941 5179 -
957 5139 980 5172 ¹⁰
994 5140 1149 5194 P=illius
1165 5140 1220 5194 uel.
