4872 6552
955 868 1181 920 *Ill-—

401 1045 625 1121 determinata,
648 1058 758 1128 utpote
780 1044 832 1108 hic
853 1046 969 1122 sitam3
992 1044 1080 1108 aliud
1103 1059 1211 1108 autem
1238 1046 1447 1109 indiuiduum
1474 1043 1612 1109 formam
1638 1034 1735 1109 habet

402 1173 459 1216 sue
486 1154 601 1236 speciei
629 1153 706 1215 alibi
736 1154 843 1216 sitam.
875 1152 913 1215 Et
942 1151 1046 1216 forma
1073 1154 1107 1215 in
1134 1167 1271 1236 utroque
1300 1153 1473 1216 indiuiduo
1502 1173 1568 1215 non
1598 1166 1645 1215 est
1672 1152 1735 1214 alia

401 1259 615 1323 diuersilicata
632 1263 720 1343 1que
736 1261 775 1324 sit
790 1261 971 1323 secundum
989 1280 1021 1323 se
1037 1265 1048 1303 1
1063 1262 1167 1343 ipsam
1186 1261 1324 1324 formam
1341 1274 1372 1323 et
1386 1281 1478 1323 suam
1500 1260 1733 1333 substanciam,

400 1381 561 1450 quantum
586 1367 658 1430 talis
681 1367 801 1430 diuisio
825 1365 1004 1430 formarum
1029 1367 1249 1430 diuersitatem
1275 1367 1351 1430 facit
1374 1367 1554 1431 secundum
1580 1369 1733 1450 speciem,

401 1474 456 1537 sed
476 1474 573 1538 habet
592 1489 767 1558 utrumque
788 1474 998 1537 indiuiduum
1021 1495 1121 1538 unam
1139 1475 1278 1538 formam
1296 1489 1326 1538 et
1342 1475 1518 1538 indiuisam
1536 1475 1735 1537 indiuisione
1764 1490 1777 1532 s

401 1581 580 1644 secundum
602 1602 634 1645 se
655 1583 759 1665 ipsam
780 1582 931 1645 formam.
956 1583 1021 1646 Nec
1041 1584 1174 1646 miretur
1188 1582 1306 1665 aliquis
1325 1582 1414 1665 quod
1434 1582 1573 1645 dicimus
1593 1581 1733 1644 formam

400 1709 468 1752 esse
496 1709 595 1752 vnam
625 1691 745 1752 vnitate
772 1709 836 1772 que
864 1703 910 1753 est
938 1689 1119 1753 secundum
1149 1692 1218 1753 eius
1244 1693 1257 1732 1
1283 1690 1503 1753 substanciam
1535 1695 1567 1751 in
1598 1704 1735 1770 utroque

401 1796 586 1872 indiuidu0‚
603 1810 632 1859 et
653 1797 704 1859 hic
724 1811 754 1860 et
768 1801 780 1839 1
795 1796 872 1860 alibi
893 1798 1001 1872 sitam,
1017 1798 1094 1879 quia
1113 1817 1188 1860 cum
1211 1796 1422 1879 intelligimus
1444 1797 1582 1860 formam
1606 1816 1705 1859 unam
1723 1798 1735 1838 1

401 1905 523 1967 unitate
545 1908 557 1946 1
579 1924 642 1986 que
663 1917 710 1967 est
731 1904 911 1967 secundum
936 1906 1005 1967 eius
1027 1905 1261 1980 substanciam,
1285 1924 1352 1967 non
1376 1904 1589 1987 intelligimus
1610 1903 1734 1986 aliquid

401 2011 645 2074 indiuidualiter
664 2023 843 2094 acceptum,
865 2011 919 2074 sed
940 2014 973 2074 in
995 2013 1109 2094 specie,
1126 2032 1202 2074 cum
1224 2012 1330 2075 forma
1351 2012 1524 2075 materialis
1545 2031 1599 2094 per
1614 2030 1646 2073 se
1666 2030 1733 2073 non
1767 2037 1795 2068 ιο

401 2118 635 2182 indiuiduetur.
661 2118 774 2181 Vnum
797 2132 904 2182 autem
929 2119 1108 2182 secundum
1133 2120 1272 2202 speciem
1294 2139 1362 2182 esse
1385 2120 1417 2181 in
1442 2118 1590 2202 pluribus
1616 2117 1734 2180 indiui-

399 2227 473 2289 duis
492 2238 522 2289 et
542 2226 658 2290 habere
679 2225 786 2309 plures
807 2228 987 2309 positiones
1006 2230 1030 2301 1,
1052 2227 1104 2290 hic
1122 2239 1154 2289 et
1172 2226 1263 2302 alibi,
1280 2246 1346 2289 non
1367 2240 1414 2290 est
1434 2226 1646 2308 impossibile.
1665 2226 1703 2289 Et
1722 2228 1734 2265 1

399 2354 473 2396 cum
493 2348 662 2416 generetur
676 2334 887 2396 indiuiduum
908 2334 1045 2397 alicuius
1063 2335 1177 2416 speciei
1197 2354 1235 2397 ex
1257 2336 1388 2397 materia
1410 2335 1535 2416 priuata
1555 2333 1609 2396 illa
1629 2332 1734 2395 forma

399 2455 428 2504 et
449 2442 563 2523 specie,
586 2461 652 2504 non
672 2455 842 2524 generatur
860 2440 923 2504 alia
943 2440 1086 2504 formata
1106 2443 1316 2523 preexistente
1335 2440 1461 2503 alietate
1480 2460 1542 2523 que
1562 2441 1603 2503 sit
1622 2460 1733 2503 secun-

399 2547 479 2610 dum
505 2547 726 2611 substanciam
755 2546 859 2611 forme
883 2549 916 2610 in
942 2568 975 2611 se
998 2561 1174 2630 acceptam,
1199 2548 1253 2610 sed
1280 2548 1391 2610 eadem
1420 2547 1526 2611 forma
1552 2548 1731 2610 secundum
1767 2562 1794 2604 rs

400 2654 539 2718 sormam
561 2659 655 2737 9que
678 2656 766 2737 prius
787 2669 852 2718 erat
876 2656 908 2717 in
930 2655 993 2717 alia
1013 2668 1101 2737 parte
1124 2658 1255 2718 materie
1275 2669 1425 2738 generata
1449 2668 1507 2718 est.
1533 2654 1620 2717 ldem
1643 2655 1732 2718 enim

399 2762 580 2825 secundum
602 2763 739 2844 speciem
762 2782 886 2844 preesse
901 2776 931 2825 et
945 2763 1089 2844 generari
1110 2762 1240 2824 nullum
1262 2775 1309 2825 est
1328 2763 1566 2825 inconueniens
1577 2783 1586 2839 ;
1607 2774 1638 2824 et
1651 2763 1734 2825 sicut

399 2868 502 2933 forma
524 2872 557 2932 in
579 2869 760 2932 indiuiduis
780 2890 846 2932 non
868 2883 914 2933 est
929 2870 1035 2932 diuisa
1054 2869 1235 2932 secundum
1257 2889 1302 2945 se,
1320 2888 1377 2932 nec
1393 2872 1418 2912 ¹⁰
1437 2870 1556 2952 primo,
1578 2888 1636 2932 nec
1652 2872 1676 2911 1⁰
1695 2889 1733 2932 ex

398 2978 621 3058 consequenti,
638 2978 683 3039 sic
704 2996 761 3039 nec
782 2978 925 3040 materia.
950 2976 1022 3060 lpsa
1041 2977 1130 3040 enim
1147 2978 1173 3019 ¹⁰
1191 2996 1247 3059 per
1262 2996 1295 3039 se
1316 2996 1382 3039 non
1398 2976 1568 3053 diuiditur,
1586 2975 1640 3038 sed
1656 2977 1733 3060 quia

397 3097 518 3167 quanta
535 3084 587 3146 hic
602 3097 632 3147 et
646 3083 724 3147 alibi
742 3085 855 3166 posita.
1763 3109 1794 3141 20

478 3191 539 3254 Sed
564 3206 594 3255 et
617 3204 694 3254 sunt
718 3193 863 3254 raciones
887 3191 1030 3255 multum
1055 3191 1202 3255 difficiles
1226 3193 1346 3275 quibus
1371 3211 1497 3255 necesse
1521 3193 1562 3255 sit
1585 3192 1731 3254 animam

398 3299 628 3362 intellectiuam
666 3298 937 3382 multiplicatione
971 3317 1144 3381 corporum
1181 3299 1403 3362 humanorum
1441 3299 1669 3382 multiplicari,
1703 3312 1733 3362 et

397 3408 498 3468 eciam
523 3406 562 3469 ad
588 3406 649 3469 hoc
673 3420 751 3469 sunt
774 3408 989 3469 auctoritates.
1020 3406 1090 3469 lloc
1116 3407 1205 3469 enim
1231 3406 1304 3469 uult
1327 3406 1509 3481 Anicenna‚
1535 3420 1566 3469 et
1589 3406 1731 3489 Algazel,

397 3528 426 3575 et
445 3512 661 3587 Themistius,
683 3527 713 3574 et
733 3515 757 3554 11
779 3514 880 3574 eciam
905 3513 976 3575 uult
997 3513 1037 3575 de
1060 3513 1222 3576 intellectu
1245 3526 1370 3595 agente,
1394 3512 1576 3576 illustrante
1594 3527 1624 3576 et
1645 3512 1733 3576 illus-

397 3630 491 3691 trato,
507 3618 594 3700 quod
611 3617 855 3701 multiplicetur,
872 3619 945 3681 licet
960 3618 1125 3682 illustrans
1145 3633 1272 3683 tantum
1289 3622 1330 3683 sit
1345 3640 1443 3695 unus
1460 3634 1489 3683 et
1506 3619 1610 3683 multo
1631 3622 1732 3703 magis
1762 3633 1793 3676 2⁵

398 3724 597 3787 intellectum
616 3725 803 3807 possibilem
822 3726 1011 3789 intendebat
1026 3730 1051 3769 11
1067 3727 1288 3810 multiplicari.

480 3831 598 3895 lterum
619 3833 659 3895 ad
681 3833 741 3896 hoc
761 3846 837 3896 sunt
853 3835 996 3897 raciones
1014 3854 1021 3895 ε
1037 3835 1114 3917 quia
1130 3835 1156 3897 si
1173 3855 1259 3897 unus
1279 3848 1361 3898 esset
1381 3834 1560 3898 intellectus
1579 3837 1730 3898 omnium

397 3936 585 4013 hominum,
607 3959 675 4003 uno
694 3942 825 4016 sciente,
845 3960 960 4004 omnes
982 3955 1089 4005 essent
1110 3943 1258 4017 scientes,
1279 3955 1309 4005 et
1330 3962 1397 4005 non
1417 3955 1499 4005 esset
1521 3962 1607 4005 unus
1628 3944 1732 4005 sciens

396 4057 427 4107 et
448 4045 530 4107 alius
553 4047 717 4128 ignorans
744 4048 829 4111 Cum
853 4049 941 4111 enim
965 4050 1146 4132 ymaginari
1172 4069 1239 4112 non
1264 4051 1305 4112 sit
1330 4049 1517 4131 intelligere,
1541 4069 1730 4133 quanquam

397 4152 498 4215 homo
528 4154 711 4237 intelligens
739 4155 855 4218 habeat
884 4155 1079 4218 fantasmata
1107 4177 1170 4239 que
1200 4176 1267 4220 non
1298 4157 1394 4219 habet
1422 4159 1446 4199 11
1471 4157 1636 4239 ignorans,
1664 4176 1731 4219 non
1762 4171 1793 4214 30

395 4272 505 4322 tamen
529 4280 583 4343 per
603 4259 663 4324 hoc
685 4263 743 4325 erit
766 4264 868 4345 magis
890 4264 995 4325 sciens
1014 4283 1113 4346 quam
1137 4263 1189 4327 ille
1209 4265 1264 4347 qui
1287 4278 1333 4327 est
1356 4265 1521 4345 ignorans,
1541 4283 1615 4326 cum
1641 4263 1732 4326 intel·

395 4365 496 4429 lectus
512 4368 544 4429 in
561 4388 626 4451 quo
641 4381 689 4431 est
704 4373 728 4412 11
743 4371 851 4452 ipsum
874 4369 1061 4452 intelligere,
1079 4390 1145 4433 non
1163 4370 1236 4453 plus
1255 4372 1296 4433 sit
1311 4372 1336 4412 11
1352 4369 1532 4433 intellectus
1547 4371 1616 4433 eius
1631 4390 1730 4453 quam

397 4472 542 4537 hominis
559 4476 737 4557 ignorantis
753 4477 814 4538 nisi
833 4475 913 4539 forte
929 4478 1094 4559 posicione
1109 4481 1135 4520 11
1148 4476 1340 4540 differendo.

478 4580 517 4645 Et
534 4601 630 4645 causa
650 4582 885 4666 disputacionis
904 4584 1023 4647 diceret
1041 4584 1159 4668 aliquis
1179 4584 1268 4667 quod
1288 4605 1372 4647 vnus
1393 4582 1494 4648 homo
1513 4598 1560 4648 est
1579 4584 1683 4647 sciens
1702 4598 1731 4647 et

476 4858 1730 4916 ¹P=diuersitate.-¹P—1.-³P-1.-⁴V-1.-⁶v-1.-

393 4946 405 4979 1
427 4948 447 5001 P
465 4969 501 4993 --
528 4948 680 5003 unitatem.
701 4981 734 4989 —
763 4950 774 4983 1
798 4952 818 5004 Ρ
836 4974 872 4998 ;
893 4950 1013 5021 species.
1032 4982 1065 4990 —
1093 4951 1104 4983 1
1126 4951 1197 5003 v-
1225 4968 1247 5005 ι.
1269 4983 1305 5005 ,-
1329 4950 1341 4982 1
1363 4951 1386 5003 V
1403 4974 1439 4998 z
1462 4952 1672 5006 substanciam.
1695 4983 1729 4990 —

397 5035 419 5068 ¹⁰
432 5037 453 5090 Ρ
466 5059 502 5085 z
517 5052 620 5107 neque.
640 5069 673 5076 -
692 5038 712 5070 ¹¹
726 5040 793 5093 P-
809 5056 829 5093 l.
840 5070 874 5079 —
886 5040 908 5072 11
919 5041 985 5094 P:
998 5039 1164 5110 passibilem
1179 5039 1379 5095 intendebant.
1395 5071 1429 5079 -
1447 5038 1469 5071 11
1484 5042 1504 5094 Ρ
1517 5062 1552 5087 z
1566 5040 1678 5095 habeat.
1695 5071 1729 5079 —

396 5124 417 5156 ¹¹
435 5126 502 5195 P-l-
516 5137 568 5181 est.
590 5158 622 5165 -
641 5127 660 5158 11
674 5128 695 5181 Ρ
708 5149 745 5176 ;-.
760 5127 800 5182 iit.
816 5159 849 5167 —
864 5128 886 5161 11
900 5128 969 5179 V:
980 5128 1131 5200 posicioni.
1367 5136 1370 5143 ’
