4874 6542
697 896 788 941 CXCl’l

787 1069 888 1148 Mais,
912 1067 964 1135 s’il
988 1089 1032 1134 en
1054 1081 1104 1135 est
1128 1066 1233 1148 ainsi,
1257 1066 1287 1134 13
1306 1066 1463 1134 Ρ1313131
1486 1066 1673 1135 Ρ13113331
1697 1071 1743 1135 du
1771 1066 1914 1149 monde,
1939 1084 2030 1157 pour

696 1184 813 1271 parler
834 1205 975 1251 comme
997 1184 1108 1272 Sigen
1131 1206 1150 1251 a
1172 1184 1347 1250 introduit
1369 1183 1399 1249 le
1422 1185 1492 1250 mal
1515 1185 1604 1251 dans
1627 1185 1879 1252 l'ordonnance
1899 1187 1941 1251 de
1964 1207 2027 1253 son

696 1300 792 1387 plan.
815 1301 1009 1367 Comment
1029 1300 1151 1387 peut-il
1172 1301 1233 1366 des
1254 1299 1325 1366 1313
1344 1299 1486 1366 1331311
1504 1301 1590 1387 qu'il
1612 1301 1680 1367 soit
1702 1301 1821 1388 puni?

786 1417 885 1504 Sigei
906 1439 997 1483 nous
1018 1417 1151 1503 repond
1172 1441 1179 1481 :
1201 1416 1289 1482 Dieu
1307 1438 1327 1482 a
1343 1418 1505 1483 ordonne
1525 1419 1614 1484 dans
1634 1438 1697 1483 son
1716 1439 1838 1484 oeuvre
1858 1418 1918 1484 des
1937 1433 2029 1484 actes

699 1534 858 1600 mauvais
882 1534 943 1620 331
970 1554 1005 1600 33
1030 1534 1194 1599 realisent
1220 1554 1283 1620 331
1309 1532 1341 1599 13
1367 1532 1573 1599 111131113333
1600 1535 1640 1599 de
1668 1533 1699 1599 la
1727 1535 1843 1600 raison
1871 1548 1904 1600 et
1930 1536 1971 1600 de
1997 1534 2030 1600 la

696 1650 838 1716 volonte
862 1664 894 1716 et
919 1671 990 1716 333
1014 1670 1077 1737 331
1096 1648 1217 1715 1131331
1238 1651 1280 1715 de
1305 1670 1341 1715 sa
1366 1670 1493 1736 propre
1515 1649 1695 1729 causalite,
1718 1665 1750 1717 et
1772 1651 1794 1715 il
1817 1664 1899 1716 veut
1924 1650 2029 1716 nean-

698 1766 816 1832 moins
841 1767 950 1852 qu'on
979 1766 1124 1853 punisse
1147 1787 1204 1833 ces
1228 1779 1332 1832 actes.
1360 1766 1409 1831 La
1434 1766 1551 1831 raison
1579 1788 1622 1832 en
1649 1781 1793 1852 estque
1818 1767 1847 1832 le
1872 1767 2031 1832 Premier

696 1882 860 1970 Principe
885 1883 1047 1949 ordonne
1073 1896 1105 1948 et
1129 1881 1159 1947 le
1183 1882 1263 1948 bien
1291 1884 1333 1947 de
1358 1880 1530 1948 l'homme
1553 1895 1586 1948 et
1611 1882 1640 1948 13
1666 1883 1745 1950 bien
1771 1885 1831 1948 des
1854 1884 1944 1949 31133
1967 1883 2029 1970 331

697 1999 775 2066 1331
794 1999 901 2065 saillis
922 1998 953 2065 la
972 1999 1103 2065 raison.
1125 2001 1176 2065 En
1199 2013 1275 2065 tant
1296 1998 1381 2086 qu'il
1405 2000 1566 2065 ordonne
1586 1998 1617 2064 13
1637 1999 1716 2064 bien
1738 2000 1781 2064 de
1801 1999 1986 2077 l'homme,
2006 1999 2028 2064 il

696 2130 778 2183 veut
794 2138 863 2203 que
884 2116 932 2181 133
950 2116 1169 2203 legislateurs
1190 2116 1362 2182 humains
1382 2116 1570 2203 punissent
1590 2115 1638 2181 les
1658 2117 1795 2183 actions
1817 2116 2029 2193 3133331333,

696 2254 817 2299 33133
843 2247 1017 2299 33313311
1043 2233 1104 2319 qui
1135 2247 1216 2299 sont
1244 2233 1293 2298 133
1322 2231 1524 2319 proviseurs
1550 2234 1597 2298 du
1626 2232 1706 2298 bien
1737 2232 1888 2298 humain
1915 2253 1961 2298 ou
1988 2233 2030 2298 de

697 2348 728 2415 13
754 2348 833 2428 cite,
860 2350 942 2415 c'est
967 2350 987 2415 a
1013 2349 1088 2415 dire
1113 2349 1198 2414 d'un
1228 2348 1308 2414 bien
1339 2348 1554 2436 particulier.
1585 2348 1673 2415 Dieu
1702 2362 1753 2414 est
1782 2348 1812 2414 13
1841 2349 2031 2415 Ρ13113331

697 2465 882 2531 Universel
910 2479 942 2531 et
969 2465 1134 2551 pourvoit
1158 2485 1203 2530 au
1231 2465 1311 2531 bien
1337 2467 1397 2531 des
1423 2463 1733 2544 1111111331311133,
1762 2466 1851 2531 31313
1879 2486 1921 2531 33
1948 2479 2031 2552 3331

695 2581 883 2669 3313131131
904 2582 952 2647 133
969 2581 1111 2647 33311113
1128 2581 1189 2667 331
1210 2580 1380 2647 resultent
1396 2582 1439 2647 de
1460 2580 1491 2647 la
1512 2581 1678 2668 presence
1695 2581 2029 2648 1113111113333113-

695 2697 860 2763 dictoires
888 2699 977 2763 dans
1006 2718 1071 2764 sori
1097 2718 1231 2776 oeuvre,
1260 2698 1502 2784 3313333333
1532 2697 1821 2764 administration
1851 2697 1982 2763 s’etend
2011 2697 2031 2762 1

696 2815 756 2881 des
776 2815 898 2881 ordres
918 2814 960 2880 de
980 2814 1105 2880 choses
1124 2813 1318 2880 contraires
1336 2818 1359 2877 1.

696 3118 745 3173 per
765 3100 911 3156 1131331331
933 3100 984 3170 331
1006 3100 1092 3155 31113
1116 3100 1208 3171 311133
1226 3115 1313 3154 33333
1333 3099 1494 3170 contingat.
1518 3074 1572 3154 Sed
1594 3116 1663 3155 3331
1684 3100 1799 3154 deficiat
1820 3099 1891 3155 13113
1913 3099 1941 3154 13
1964 3111 2029 3155 3313

696 3193 839 3255 humano,
855 3190 894 3245 ita
907 3189 988 3261 quod
1003 3205 1052 3260 per
1065 3188 1128 3257 ejus
1147 3188 1293 3244 defectum
1308 3188 1439 3244 delectus
1459 3189 1487 3243 13
1507 3201 1572 3244 3313
1587 3189 1748 3259 contingat,
1768 3188 1880 3260 aliquid
1896 3188 2030 3243 accidens

695 3292 723 3335 31
742 3279 766 3333 31
785 3295 941 3334 333311333
963 3295 1015 3333 333
1036 3278 1150 3333 3311333
1172 3277 1239 3333 13311
1261 3294 1323 3332 3313
1346 3277 1475 3332 delicere.
1492 3280 1588 3347 Agens
1605 3290 1704 3334 autem
1727 3278 1796 3333 illud
1817 3290 1844 3333 31
1862 3278 1924 3345 ejus
1943 3278 2028 3343 33113,

695 3367 1161 3439 3331113113331311311331313311,
1182 3366 1210 3420 13
1229 3367 1362 3422 ordinem
1382 3383 1485 3422 causae
1504 3368 1613 3438 primae
1631 3367 1790 3432 reducitur,
1810 3368 1929 3423 3133113
1946 3384 2029 3422 33313

695 3475 825 3514 3333313.
847 3458 881 3513 Ε1
900 3457 1003 3512 hocin
1022 3459 1154 3528 exemplo
1175 3469 1271 3528 potest
1291 3469 1396 3528 patere.
1417 3457 1589 3511 Delectabile
1609 3457 1685 3511 enim
1706 3456 1828 3511 obvians
1847 3456 2030 3512 3333311333

695 3548 724 3603 13
746 3564 866 3603 3333313
888 3547 1030 3602 rationem
1052 3547 1120 3602 13311
1139 3546 1268 3601 delicere.
1289 3548 1400 3601 Natura
1419 3558 1517 3601 autem
1540 3546 1616 3601 illius
1635 3546 1812 3602 delectabilis
1830 3559 1857 3601 et
1875 3545 1937 3613 ejus
1955 3545 2030 3600 33113

695 3638 723 3692 13
738 3638 871 3693 ordinem
886 3653 990 3692 causae
1009 3636 1118 3708 primae
1132 3636 1290 3701 reducitur,
1306 3652 1365 3690 non
1385 3647 1500 3691 1331331
1520 3636 1618 3706 133331
1639 3636 1666 3689 13
1686 3652 1726 3701 33,
1746 3635 1795 3690 sed
1812 3650 1953 3689 occursus
1968 3633 2030 3703 ejus

694 3727 730 3782 ad
747 3727 899 3782 rationem.
917 3729 948 3781 P.
966 3742 1009 3780 22.
1332 3715 1335 3720 ’

785 3817 793 3848 ¹
814 3816 926 3884 Quinto
950 3815 1102 3869 sciendum
1127 3825 1170 3870 est
1192 3814 1273 3885 quod
1297 3815 1384 3869 simul
1409 3826 1486 3870 stant
1509 3815 1589 3885 quod
1614 3827 1696 3869 33133
1720 3814 1788 3869 mali
1811 3813 1936 3869 ordinati
1961 3825 2031 3869 sunt

695 3921 711 3959 a
739 3906 833 3977 primo
861 3904 1019 3976 provisore,
1047 3920 1107 3959 non
1134 3917 1229 3959 133133
1258 3904 1460 3974 contingentes
1487 3920 1536 3975 per
1561 3903 1624 3972 3133
1651 3902 1808 3968 defectum,
1838 3903 1886 3958 sed
1914 3915 2032 3974 propter

695 3994 841 4049 defectum
864 3994 984 4049 rationis
1004 4006 1031 4049 et
1050 3993 1219 4060 voluntatis,
1241 4005 1268 4047 31
1290 3993 1484 4048 nihilominus
1505 4006 1602 4048 tamen
1624 3994 1739 4065 punitio
1760 3994 1877 4049 illorum
1899 4009 1915 4046 a
1935 3992 2030 4063 primo

697 4083 840 4154 principio
854 4096 896 4139 est
910 4083 1053 4138 ordinata.
1069 4082 1161 4152 Cujus
1176 4083 1248 4138 13113
1263 4094 1306 4138 331
1321 4082 1390 4153 3313
1406 4084 1534 4153 31131331
1552 4082 1728 4154 principium
1744 4082 1859 4137 ordinat
1874 4094 1902 4137 31
1916 4082 2028 4136 bonum

697 4175 863 4227 humanum
885 4185 912 4227 et
933 4172 1046 4227 bonum
1069 4184 1096 4228 31
1118 4173 1246 4227 33113333
1266 4173 1352 4227 311331
1374 4188 1475 4228 331313
1498 4189 1574 4243 3333
1595 4174 1736 4227 rationem
1758 4171 1878 4226 deficere
1900 4171 2028 4226 faciunt:

696 4274 723 4317 et
739 4262 817 4317 unde
832 4261 947 4317 ordinat
962 4278 994 4316 33
1009 4274 1036 4317 31
1051 4264 1179 4317 actiones
1195 4279 1296 4317 331331
1314 4278 1389 4332 3333
1404 4278 1457 4316 333
1471 4262 1594 4327 3311333,
1611 4274 1638 4317 31
1654 4262 1695 4317 313
1711 4278 1765 4316 333
1780 4262 1869 4327 bono,
1887 4261 2029 4315 rationem

696 4351 816 4405 delicere
827 4350 948 4414 faciunt,
963 4351 1093 4421 quodam
1109 4350 1198 4405 modo
1210 4351 1325 4405 ordinat
1338 4362 1420 4405 33133
1434 4353 1581 4406 humanos
1596 4352 1698 4417 malos,
1713 4350 1764 4421 qui
1779 4350 1919 4406 rationem
1932 4362 2029 4405 tamen

696 4440 826 4495 delectus
846 4441 952 4495 habent
972 4440 1085 4511 proprie
1104 4441 1268 4495 secundum
1288 4440 1369 4511 quod
1389 4440 1553 4495 1313133131
1571 4441 1599 4494 13
1618 4457 1706 4510 agens
1725 4440 1905 4511 proximum,
1922 4456 1980 4494 non
2001 4440 2030 4493 in

697 4547 784 4599 agens
798 4530 937 4600 primum.
956 4529 986 4583 ln
1002 4529 1125 4599 33331313
1141 4529 1218 4583 33113
1233 4530 1355 4584 33113313
1369 4529 1480 4599 agentis
1494 4529 1590 4600 primi,
1607 4531 1770 4585 secundum
1785 4529 1865 4600 quod
1879 4530 1954 4585 33113
1967 4528 2030 4596 ejus

697 4631 749 4683 est,
771 4620 869 4673 nullus
888 4618 965 4673 cadit
983 4617 1123 4674 delectus.
1144 4618 1313 4672 Secundum
1334 4635 1400 4672 vero
1418 4619 1499 4688 quod
1519 4619 1647 4689 primum
1667 4620 1752 4673 311313
1774 4619 1897 4674 intendit
1916 4620 2028 4673 bonum

699 4710 875 4771 1133133331,
896 4720 998 4762 ernon
1019 4719 1133 4762 1331313
1155 4708 1266 4761 bonurn
1286 4708 1421 4773 31131331,
1444 4708 1557 4779 3331113
1572 4720 1669 4762 331331
1692 4709 1891 4763 humanorum
1908 4721 2028 4763 actuum

699 4798 843 4851 malorum
860 4796 992 4850 ordinem
1015 4797 1100 4851 habet
1116 4796 1143 4850 in
1161 4797 1273 4851 bonum
1292 4792 1467 4852 humanum.
1487 4797 1561 4850 11133
1577 4797 1714 4867 estquod
1736 4797 1904 4867 punitiones
1920 4797 2030 4867 quibus

699 4887 901 4955 legumlatores
923 4886 1015 4940 malos
1037 4886 1166 4956 3331331
1186 4903 1218 4939 ex
1238 4885 1339 4939 ordine
1360 4886 1444 4956 primi
1467 4886 1653 4955 contingunt.
1678 4887 1863 4955 legumlator
1882 4898 1979 4941 autem
2000 4886 2028 4940 in

698 4974 812 5029 civitate
825 4977 922 5029 solum
937 4974 1048 5029 bonum
1065 4976 1230 5029 1131333313
1246 4974 1410 5039 intendens,
1425 4986 1523 5030 331331
1538 4975 1675 5030 eumdem
1690 4992 1747 5030 non
1765 4976 1849 5046 33311
1863 4987 1890 5031 31
1902 4976 2028 5040 ordinat,

699 5063 748 5118 sed
769 5080 856 5134 quem
878 5064 995 5119 ordinat
1015 5080 1073 5118 non
1097 5064 1191 5134 33311,
1213 5076 1240 5119 31
1260 5080 1348 5134 33313
1371 5064 1457 5134 33311
1477 5080 1536 5118 333
1558 5065 1682 5120 ordinat.
1705 5066 1793 5120 Aliter
1813 5078 1910 5121 331313
1932 5077 1975 5120 331
1994 5065 2030 5119 de

700 5152 794 5223 primo
813 5153 970 5223 provisore,
990 5169 1024 5206 eo
1042 5151 1123 5222 quod
1142 5153 1198 5207 sub
1215 5151 1277 5223 ejus
1295 5153 1396 5207 ordine
1414 5152 1490 5207 331111
1507 5165 1535 5208 31
1554 5153 1666 5209 bonurn
1685 5154 1852 5209 humanum
1870 5166 1897 5209 31
1917 5155 2028 5208 bonum
