4880 6546
1636 920 1726 978 cc'etl

394 1096 520 1171 deson
544 1092 797 1172 identification
818 1117 917 1171 entre
941 1094 1207 1169 l⁵illumination
1229 1100 1349 1169 divine
1368 1117 1401 1169 et
1425 1102 1604 1170 l’intellect
1623 1119 1727 1191 agent

393 1221 595 1299 d'llristote,
617 1242 637 1287 a
659 1242 706 1308 pu
728 1220 930 1287 consideres
952 1220 1107 1306 l'eveque
1129 1220 1170 1286 de
1194 1220 1305 1299 Paris,
1324 1219 1414 1286 ainsi
1437 1241 1507 1307 que
1528 1218 1577 1286 les
1599 1242 1727 1308 augus·

394 1337 525 1403 tiniens
547 1358 589 1404 en
612 1337 766 1425 general,
789 1357 931 1404 comme
951 1337 1148 1403 admettant
1171 1357 1208 1403 sa
1232 1336 1513 1416 nomenclature‚
1539 1336 1727 1424 puisqu'ils

393 1451 624 1540 professaient
651 1452 681 1520 le
708 1451 792 1519 lond
818 1454 859 1520 de
885 1474 922 1519 sa
946 1452 1117 1519 doctrine.
1148 1452 1174 1518 ll
1202 1473 1238 1518 se
1264 1453 1435 1539 pourrait,
1463 1453 1483 1518 a
1509 1452 1540 1519 la
1568 1453 1726 1540 rigueur‚

393 1569 524 1656 qu'aux
544 1569 722 1636 dernieres
741 1569 872 1635 annees
893 1570 935 1635 de
957 1590 994 1635 sa
1011 1569 1066 1635 vie
1083 1570 1116 1656 (†
1142 1571 1252 1656 1249),
1274 1569 1415 1656 lorsque
1432 1590 1488 1637 ces
1508 1569 1727 1636 discussions

393 1684 565 1771 agitarent
590 1684 817 1751 l'Universite
843 1686 885 1751 de
910 1685 1021 1764 Paris,
1047 1685 1138 1751 ainsi
1163 1706 1233 1772 que
1258 1706 1348 1752 nous
1373 1685 1403 1751 le
1430 1699 1571 1752 raconte
1596 1686 1725 1764 Bacon,

394 1800 598 1867 Guillaume
618 1801 841 1888 d’Auvergne
864 1801 912 1866 ait
931 1800 1105 1878 consenti,
1126 1821 1268 1867 comme
1287 1801 1441 1867 d'autres
1465 1800 1726 1887 augustinum,

393 1917 573 2004 &appeler
597 1916 751 1983 intellect
769 1931 874 2004 agent
899 1916 1038 1983 l'action
1065 1916 1319 1984 illuminatrice
1343 1917 1385 1983 de
1406 1917 1493 1983 Dieu
1521 1938 1584 1983 sur
1610 1917 1726 1996 lame,

396 2033 486 2100 mais
505 2033 577 2100 cela
599 2033 686 2100 n’est
705 2053 768 2120 pas
787 2033 891 2099 etabli
911 2037 933 2098 ¹.

484 2151 538 2216 En
559 2163 635 2216 tout
654 2169 725 2229 cas,
746 2170 837 2216 nous
857 2169 986 2216 savons
1006 2149 1257 2236 positivement
1276 2170 1345 2236 que
1364 2150 1425 2215 des
1447 2150 1590 2216 maltres
1609 2170 1728 2236 accep-

395 2266 507 2332 terent
532 2280 565 2332 et
593 2266 624 2332 la
650 2265 858 2352 conception
886 2280 918 2332 et
947 2266 978 2331 la
1006 2265 1252 2352 terminologie
1280 2279 1440 2332 retenues
1467 2262 1536 2332 fort
1562 2266 1638 2332 tard
1665 2286 1729 2352 par

397 2383 512 2470 Roger
536 2382 664 2448 Bacon.
692 2381 793 2448 Saint
818 2382 1095 2448 bonaventure2
1119 2395 1153 2448 et
1178 2381 1271 2448 saint
1294 2381 1487 2448 Thomas³
1515 2382 1604 2448 dans
1634 2381 1728 2448 leurs

394 2499 670 2564 commentaires
701 2518 764 2564 sur
796 2497 826 2564 le
859 2498 946 2564 livre
976 2500 1037 2565 des
1067 2498 1270 2579 Sentences,
1302 2498 1488 2585 composes
1519 2519 1597 2565 vers
1632 2501 1726 2585 1257,

394 2774 445 2829 der
464 2774 704 2844 augustinischen
727 2773 927 2845 Psychologie,
949 2790 1006 2829 von
1028 2773 1078 2829 der
1099 2789 1166 2828 man
1188 2790 1274 2844 sagen
1298 2774 1386 2839 kann,
1408 2773 1476 2830 dass
1500 2773 1541 2829 sie
1562 2774 1654 2829 durch
1676 2774 1728 2829 das

394 2880 484 2933 ganze
506 2864 621 2919 lrbhere
641 2862 805 2918 Mittelalter
827 2863 870 2918 bis
892 2863 945 2918 in’s
970 2866 1009 2919 13.
1031 2863 1228 2920 Jahrhundert
1250 2864 1337 2918 herah
1357 2863 1404 2918 die
1425 2863 1619 2919 herrschende
1641 2863 1726 2918 blieb.

395 2952 452 3008 Die
467 2952 669 3025 Psychologie
683 2952 733 3008 cies
753 2952 894 3007 Willtelm
909 2969 965 3007 von
981 2956 1151 3025 Auuergne,
1170 2970 1197 3024 p.
1215 2971 1239 3025 7.

484 3043 493 3074 ¹
515 3042 611 3097 Valois
630 3058 647 3097 a
667 3044 724 3097 tres
745 3041 810 3096 bien
831 3059 868 3098 vu
890 3059 948 3114 que
970 3042 1065 3097 Bacon
1085 3055 1113 3098 et
1133 3042 1300 3098 Guillaume
1321 3059 1356 3098 ne
1378 3054 1445 3098 sont
1466 3044 1579 3115 separes
1600 3060 1658 3114 que
1678 3060 1729 3116 par

397 3147 453 3187 une
468 3131 605 3203 question
621 3132 657 3186 de
673 3144 760 3187 mots.
779 3131 951 3186 Guillaume
965 3130 1165 3203 d’Auvergne,
1183 3149 1210 3204 p.
1229 3148 1291 3204 apo,

483 3221 595 3277 *Alius
622 3220 730 3277 modus
756 3220 933 3291 intelligendi
961 3232 1014 3287 est,
1041 3220 1122 3291 quod
1149 3221 1312 3277 intellectus
1337 3238 1426 3292 agens
1451 3234 1526 3277 esset
1552 3222 1612 3294 ipse
1639 3223 1727 3287 Deus,

395 3309 558 3366 intellectus
578 3326 645 3365 vero
668 3309 816 3382 possibilis
836 3322 908 3365 esset
931 3323 1029 3366 noster
1050 3309 1200 3366 animus...
1228 3310 1283 3365 lste
1304 3322 1402 3366 autem
1426 3310 1534 3367 modus
1554 3312 1606 3367 etsi
1626 3327 1727 3367 verum

396 3411 485 3471 ponat
505 3410 533 3455 et
553 3398 619 3454 fidei
640 3399 800 3455 catholicae
816 3414 995 3464 consonum,
1016 3398 1086 3453 nihil
1108 3411 1205 3454 tamen
1226 3411 1269 3455 est
1289 3400 1324 3454 ad
1347 3400 1549 3473 propositum;
1571 3400 1641 3472 quia
1659 3417 1727 3457 cum

394 3488 508 3544 animae
530 3501 644 3544 nostrae
663 3488 730 3544 data
749 3488 786 3544 sit
805 3488 934 3561 potentia
953 3488 989 3542 ad
1011 3487 1243 3558 intelligendum,
1265 3490 1341 3545 sicut
1361 3489 1424 3544 aliis
1445 3489 1584 3545 creaturis
1601 3490 1670 3546 data
1686 3503 1729 3546 est

395 3577 524 3650 potentia
548 3577 584 3632 ad
609 3578 681 3633 alios
706 3590 808 3641 actus;
835 3578 876 3632 sic
902 3577 979 3633 Deus
1004 3577 1140 3648 quamvis
1166 3577 1332 3650 principalis
1357 3594 1481 3650 operans
1507 3578 1535 3633 in
1561 3579 1729 3650 operatione

394 3666 551 3737 cujuslibet
571 3679 726 3732 creaturae,
747 3666 828 3722 dedit
848 3678 944 3721 tamen
965 3667 1024 3720 vim
1046 3669 1168 3721 activam
1192 3683 1241 3738 per
1260 3683 1350 3738 quam
1370 3667 1458 3723 exiret
1478 3667 1507 3722 in
1529 3667 1728 3739 operationem

396 3757 554 3828 propriam.
570 3757 706 3811 Sentent.
725 3756 788 3811 Lib.
807 3755 842 3821 ll,
861 3755 932 3811 Dist.
950 3772 1027 3819 ιιιιιν,
1044 3766 1157 3826 quaest.
1175 3772 1214 3821 ιιι,
1231 3768 1283 3811 art.
1301 3773 1327 3810 a,

484 3845 495 3875 ⁸
516 3844 549 3901 Et
563 3845 628 3901 ideo
641 3845 761 3915 quidam
775 3844 910 3900 catholici
923 3844 1068 3911 doctores,
1082 3844 1258 3915 corrigentes
1272 3847 1347 3900 hanc
1359 3844 1530 3917 opinionem
1544 3846 1728 3917 (Aristotelis)

395 3947 423 3991 et
443 3934 548 4007 partim
570 3946 734 4005 sequentes
756 3934 825 3989 satis
847 3933 1033 4006 probabiliter
1051 3945 1214 4005 posuerunt
1234 3934 1332 4005 ipsum
1353 3935 1446 3989 Deum
1467 3951 1529 3990 esse
1549 3935 1727 3991 intellectum

395 4035 528 4094 agentem
541 4040 548 4088 ;
573 4023 643 4094 quia
666 4038 714 4095 per
736 4023 960 4095 applicationem
985 4021 1020 4076 ad
1045 4022 1154 4094 ipsum,
1180 4022 1279 4077 anima
1302 4036 1401 4079 nostra
1424 4023 1505 4079 beata
1528 4034 1599 4079 est:
1623 4037 1650 4079 et
1674 4026 1729 4079 hoc

395 4112 572 4168 confirmant
597 4128 646 4184 per
671 4114 726 4167 hoc
751 4112 831 4183 quod
857 4111 965 4167 dieitur
988 4111 1082 4177 loen„
1110 4128 1128 4177 ι,
1154 4129 1171 4183 9
1195 4127 1201 4166 :
1230 4111 1296 4168 Erat
1321 4113 1370 4167 lux
1392 4128 1458 4167 vera
1483 4128 1557 4183 quae
1582 4112 1729 4168 illuminat

396 4218 515 4257 omnem
542 4201 692 4257 hominem
717 4201 878 4257 venientem
906 4200 934 4255 in
961 4202 1041 4256 hunc
1066 4200 1225 4256 mundum.
1250 4201 1386 4256 Sentenl.
1412 4202 1474 4256 Lib.
1501 4202 1537 4267 ll,
1562 4201 1636 4257 Dist.
1660 4219 1727 4267 xvir,

396 4303 507 4363 quaest.
531 4309 559 4358 ιι,
584 4303 636 4346 art.
661 4292 687 4347 3.
709 4291 755 4346 On
780 4305 963 4361 remarquera
985 4291 1054 4360 qu’a
1075 4302 1148 4346 cette
1171 4289 1246 4356 date,
1271 4290 1444 4345 c'est-adire
1465 4306 1501 4346 au
1523 4290 1614 4346 debut
1639 4290 1674 4345 de
1698 4307 1730 4346 sa

395 4379 514 4436 carriere
540 4379 737 4451 scientilique,
763 4379 897 4435 Thomas
921 4392 1038 4451 accepte
1065 4378 1260 4435 l’allirmation
1286 4380 1465 4451 qu'hristote
1490 4396 1506 4434 a
1532 4379 1667 4450 enseigne
1692 4396 1728 4435 au

399 4470 464 4525 lll·'
482 4470 550 4525 livre
570 4470 605 4525 de
626 4470 727 4535 l’hme,
751 4471 775 4524 la
797 4469 906 4524 theorie
925 4469 961 4524 de
982 4470 1127 4524 l'intellect
1147 4482 1242 4539 agent,
1262 4471 1419 4524 substance
1438 4485 1495 4524 une
1512 4481 1539 4525 et
1558 4469 1688 4541 separe&
1711 4468 1728 4523 il

396 4572 511 4630 accepte
533 4558 610 4614 aussi
635 4574 751 4614 comme
772 4574 851 4613 assez
872 4558 1010 4630 probable
1030 4559 1056 4612 la
1076 4557 1185 4613 theorie
1206 4558 1374 4614 maintenue
1395 4559 1460 4630 plus
1481 4558 1543 4614 tard
1566 4574 1616 4630 par
1637 4558 1730 4628 Roget

398 4648 504 4702 Bacon.
536 4650 554 4703 ll
583 4664 619 4702 ne
648 4649 674 4702 la
700 4649 819 4702 combat
846 4662 897 4719 pas
925 4658 953 4702 et
982 4648 1046 4701 n'en
1075 4662 1199 4718 propose
1227 4663 1277 4719 pas
1307 4663 1363 4702 une
1389 4660 1479 4703 autre.
1509 4646 1555 4702 On
1584 4646 1644 4702 voit
1671 4662 1730 4716 que

396 4735 529 4791 Thomas
548 4747 591 4791 est
610 4752 714 4791 encore
736 4736 781 4802 ici,
803 4752 919 4790 comme
939 4735 1013 4790 dans
1033 4747 1099 4790 tout
1119 4751 1173 4790 son
1194 4736 1411 4791 Commentaire
1431 4751 1481 4792 sur
1501 4738 1541 4791 les
1561 4736 1727 4799 Sentences‚

397 4840 467 4880 sous
494 4824 655 4880 l’inlluence
677 4826 713 4880 de
735 4840 780 4881 ses
804 4826 919 4880 maltres
942 4824 1155 4894 augustiniens.
1185 4825 1205 4879 ll
1228 4841 1244 4879 a
1266 4824 1330 4894 dejt
1353 4827 1532 4881 resolument
1553 4824 1730 4879 abandonne

396 4929 443 4968 ces
470 4913 614 4985 positions
641 4914 715 4969 dans
742 4914 767 4969 la
794 4915 914 4968 Somme
939 4924 1039 4969 contre
1066 4915 1106 4968 les
1133 4914 1256 4980 Gentils,
1286 4914 1335 4971 lib.
1367 4914 1406 4981 ll,
1435 4931 1498 4987 cap.
1528 4930 1626 4978 ιιιιινι,
1656 4913 1729 4967 mais

396 5002 545 5057 considere
568 5002 702 5073 toujours
725 5019 840 5058 comme
862 5003 1026 5058 orthodoxe
1051 5004 1077 5056 la
1099 5002 1209 5058 theoria
1231 5003 1267 5058 de
1291 5003 1362 5059 Dieu
1388 5003 1514 5059 intellect
1536 5015 1631 5074 agent,
1654 5001 1729 5056 dans

396 5107 450 5146 son
474 5090 518 5145 De
543 5090 665 5146 Unitate
688 5091 868 5157 Intellectus,
890 5092 1030 5164 compose
1053 5108 1087 5147 en
1115 5107 1182 5163 1270
1201 5104 1302 5147 contre
1321 5091 1401 5161 Siger
1420 5090 1456 5146 de
1478 5091 1611 5146 Brabant.
1634 5090 1728 5162 Voyez

398 5197 425 5252 p.
443 5196 539 5234 exciti.
