4872 6552
807 1288 878 1371 [Vl.
908 1286 1061 1370 Qualiter
1081 1287 1192 1350 anima
1215 1285 1415 1350 intellectiua
1436 1306 1457 1348 α
1479 1304 1615 1368 corpore
1635 1286 1682 1348 sit
1700 1284 1909 1369 separabilis,

1038 1403 1072 1457 et
1090 1414 1183 1477 quem
1205 1402 1326 1456 statum
1348 1392 1467 1457 habeat
1486 1393 1679 1476 separadii]

772 1609 860 1689 Quid
894 1609 1028 1672 senserit
1061 1607 1279 1690 Philosophus
1311 1608 1394 1670 circa
1428 1619 1553 1669 sextum
1588 1608 1736 1689 superius
1770 1610 2024 1692 propositorum,

693 1730 804 1800 utpote
825 1717 908 1779 circa
929 1717 1169 1799 separacionem
1192 1716 1302 1778 anime
1321 1735 1340 1777 a
1358 1733 1502 1796 corpore,
1525 1713 1656 1777 difficile
1677 1728 1735 1778 est.
1758 1715 1895 1779 Videtur
1916 1730 2024 1780 tamen

649 1841 662 1885 5
692 1824 806 1908 quodl
827 1825 961 1886 senserit
980 1842 1050 1886 eam
1072 1842 1139 1885 non
1162 1827 1257 1885 esse¹
1279 1823 1408 1904 penitus
1432 1821 1643 1904 separabilem
1665 1836 1696 1885 et
1713 1823 1853 1886 totaliter
1871 1822 1912 1887 ab
1933 1825 2024 1887 omni

691 1951 834 2014 corpore.

772 2038 898 2112 Primo,
920 2038 997 2121 quia
1020 2037 1109 2113 dicit,
1129 2036 1272 2100 secundo
1294 2036 1334 2099 de
1355 2036 1488 2111 Anima,
1512 2036 1650 2118 loquens
1670 2037 1895 2101 uniuersaliter
1915 2038 1954 2101 de
1975 2059 2024 2115 ea,

692 2145 779 2230 quod
807 2144 889 2209 bene
912 2145 1065 2208 dixerunt
1088 2143 1209 2227 quibus
1232 2143 1360 2207 uidetur
1383 2144 1530 2206 animam
1556 2163 1623 2206 non
1648 2163 1716 2207 esse
1738 2164 1856 2228 corpus
1878 2145 2024 2228 aliquod,

694 2272 798 2336 neque
813 2266 923 2316 tamen
938 2271 1006 2315 esse
1021 2253 1091 2314 sine
1105 2270 1249 2333 corpore.

634 2394 663 2425 ιο
771 2360 933 2434 Secundo,
956 2359 1033 2442 quia
1055 2357 1203 2421 diffinit⁸
1223 2359 1369 2420 animam
1391 2358 1645 2421 uniuersaliter¹
1669 2377 1738 2421 esse
1756 2371 1864 2422 actum
1882 2361 2026 2441 corporis

692 2480 722 2530 et
751 2466 998 2549 perfeccionem,
1028 2464 1263 2528 diffinicione¹
1290 2464 1417 2527 dicente
1446 2464 1525 2548 quid
1558 2477 1606 2527 est
1637 2465 1760 2528 anima.
1791 2465 1889 2528 Nunc
1916 2479 2025 2529 autem

693 2574 873 2638 secundum
898 2572 1050 2636 eumdem
1076 2571 1294 2645 Aristotelem,
1319 2570 1477 2635 diffinicio
1500 2573 1656 2635 conuenit
1677 2573 1769 2634 omni
1790 2586 1943 2637 contento
1965 2574 2026 2636 sub

692 2680 835 2745 diffinito
863 2699 1007 2762 semper,
1036 2693 1093 2742 aut
1121 2698 1188 2741 non
1217 2679 1449 2741 conuenienter
1481 2677 1676 2742 diffiniretur
1709 2698 1757 2741 res
1789 2680 1868 2762 quid
1893 2684 1906 2721 ⁶
1933 2694 2025 2744 esset.

691 2788 813 2850 Anime
826 2789 922 2870 igitur
934 2786 1130 2850 intellectiue
1144 2805 1282 2867 semper,
1299 2784 1379 2848 dum
1396 2797 1455 2860 est,
1468 2787 1658 2848 conueniret
1669 2805 1737 2849 esse
1749 2799 1856 2849 actum
1870 2788 2025 2869 corporis.

634 2917 662 2961 15
693 2894 776 2978 Ergo
795 2894 883 2978 apud
898 2893 1103 2957 Aristotelem
1120 2894 1166 2956 sic
1179 2892 1395 2956 diffinientem
1412 2893 1571 2967 animam,
1593 2912 1660 2956 non
1675 2906 1723 2956 est
1736 2894 1848 2956 anima
1861 2913 1880 2955 a
1894 2913 2028 2977 corpore

692 3000 891 3084 separabilis.
920 3000 1026 3064 Immo
1053 3001 1121 3084 ipse
1146 2999 1346 3075 Aristoteles,
1370 3019 1409 3063 ex
1435 2998 1497 3063 hoc
1522 2999 1610 3082 quod
1637 3001 1748 3063 anima
1774 2999 1935 3063 diffinitur
1959 3020 2028 3064 esse

692 3122 800 3172 actum
821 3109 977 3191 corporiS,
997 3106 1163 3170 concludit
1182 3126 1253 3169 eam
1277 3126 1344 3170 non
1365 3126 1432 3170 esse
1453 3126 1582 3189 corpus,
1604 3126 1661 3169 nec
1677 3110 1688 3148 ⁷
1707 3127 1775 3170 esse
1794 3108 1864 3171 sine
1882 3126 2026 3190 corpore,

691 3234 767 3279 cum
792 3230 882 3279 actus
908 3216 1051 3299 corporis
1075 3234 1142 3278 non
1166 3215 1207 3277 sit
1227 3234 1356 3298 corpus,
1381 3219 1470 3277 nec⁸
1492 3216 1534 3277 sit
1555 3227 1645 3277 actus
1664 3217 1677 3255 ¹³
1699 3233 1755 3296 per
1775 3214 2026 3291 diffinicionem,

693 3324 762 3387 siue
777 3322 859 3385 illud
873 3322 962 3405 quod
977 3321 1139 3385 diffinitur
1152 3341 1220 3385 esse
1235 3335 1337 3397 actus,
1353 3322 1423 3384 sine
1437 3341 1475 3384 eo
1489 3322 1583 3384 cuius
1597 3334 1644 3384 est
1658 3335 1759 3385 actus.

631 3465 663 3497 20
777 3430 905 3503 Tereia,
928 3431 973 3492 sic
992 3429 1070 3492 dicit
1091 3428 1321 3510 Philosophus,
1341 3428 1429 3512 quod
1449 3430 1475 3490 si
1495 3428 1607 3492 anima
1626 3427 1723 3492 habet
1742 3447 1824 3511 opus
1845 3430 2026 3513 proprium,

693 3551 771 3600 tunc
790 3550 836 3601 est
855 3536 1062 3619 separabilis;
1085 3549 1116 3599 et
1138 3537 1162 3599 si
1187 3555 1254 3599 non
1277 3535 1372 3599 habet
1391 3555 1474 3618 opus
1497 3537 1663 3618 proprium
1686 3550 1764 3599 tunc
1786 3556 1852 3599 non
1873 3550 1921 3599 est
1939 3556 2028 3619 sepa·

693 3644 804 3708 rabilis
830 3657 861 3708 et
885 3644 1003 3708 dicitur
1028 3663 1111 3726 opus
1139 3644 1305 3727 proprium
1333 3644 1455 3718 anime,
1482 3662 1557 3706 cum
1585 3645 1620 3706 in
1646 3643 1823 3707 exercendo
1850 3643 1930 3707 illud
1958 3664 2026 3707 non

692 3752 853 3835 dependet
876 3771 915 3815 err
930 3754 955 3795 ¹⁰
978 3771 1121 3834 corpore.
1141 3750 1351 3814 Racionabile
1377 3764 1485 3814 autern
1510 3764 1568 3827 est,
1589 3750 1677 3833 quod
1701 3752 1727 3813 si
1753 3770 1819 3813 non
1846 3763 1894 3814 est
1918 3752 2027 3814 anime

692 3880 775 3943 opus
788 3861 969 3943 proprium,
980 3858 1069 3942 quod
1083 3860 1153 3941 ipsa
1167 3877 1232 3921 non
1249 3871 1296 3920 est
1311 3858 1511 3941 separabilis
1523 3858 1601 3939 quia
1611 3860 1702 3921 omni
1718 3859 1784 3921 enti
1802 3858 1990 3922 naturaliter
2002 3860 2028 3901 ¹¹

632 3988 663 4032 25
693 3966 826 4051 aliquod
841 3986 925 4049 opus
940 3966 1132 4029 attributum
1148 3978 1215 4042 est3
1232 3978 1263 4029 et
1277 3967 1302 4028 si
1319 3968 1430 4028 anima
1446 3985 1512 4028 non
1530 3965 1661 4029 haberet
1675 3985 1759 4049 opus
1775 3967 1943 4048 proprium
1959 3981 1990 4028 et
2004 3968 2030 4009 11

693 4087 892 4157 separaretur
913 4074 1052 4137 totaliter
1065 4076 1094 4117 11
1114 4094 1133 4136 a
1154 4092 1298 4155 corpore,
1316 4074 1380 4134 iam
1403 4086 1485 4135 esset
1507 4074 1577 4135 sine
1597 4092 1702 4155 opere.
1721 4072 1755 4136 Si
1778 4091 1845 4136 non
1865 4086 1912 4136 est
1932 4075 2028 4156 igitur

692 4184 803 4244 anime
818 4201 902 4265 opus
918 4182 1085 4264 proprium
1103 4200 1169 4243 non
1186 4193 1351 4262 separatur
1365 4179 1503 4244 totaliter
1517 4200 1535 4241 a
1550 4199 1683 4262 corpore
1699 4184 1733 4242 ¹¹.

774 4289 871 4351 Nunc
892 4302 939 4351 est
965 4289 1008 4350 ita
1034 4287 1122 4372 quod
1147 4287 1324 4369 intelligere
1345 4286 1433 4370 quod
1456 4287 1585 4351 uidetur
1607 4289 1717 4350 anime
1740 4289 1882 4350 maxime
1905 4307 1988 4371 opus
2003 4290 2029 4330 ¹⁵

694 4397 873 4479 proprium,
897 4414 966 4458 non
988 4408 1036 4458 est
1057 4396 1127 4458 sine
1148 4414 1280 4478 corpore
1301 4408 1332 4458 et
1355 4393 1560 4470 fantasmate,
1586 4407 1622 4457 ut
1645 4395 1723 4459 dicit
1745 4395 1975 4477 Philosophus,
1998 4408 2029 4459 et

632 4523 664 4568 30
697 4504 785 4586 prius
811 4505 920 4566 uisum
948 4502 1020 4565 fuit.
1049 4502 1135 4565 Sunt
1159 4502 1262 4577 enim,
1290 4515 1326 4565 ut
1352 4501 1438 4564 idem
1469 4500 1690 4585 Philosophus
1715 4501 1804 4578 dicit,
1832 4501 2028 4566 fantasmata

695 4611 870 4675 intellectui
887 4613 912 4654 ¹⁶
933 4624 969 4674 ut
988 4609 1153 4673 sensibilia
1173 4610 1294 4672 sensui.
1316 4608 1411 4672 Vnde
1431 4610 1513 4674 sicut
1527 4612 1552 4651 ¹⁷
1574 4610 1644 4672 sine
1663 4609 1873 4673 sensibilibus
1894 4598 1960 4673 non
1981 4623 2029 4674 est

777 4889 820 4943 ¹P
862 4887 1275 4944 ¹cum.--¹V-r.—⁸P
1336 4887 1597 4943 dixerunt—‘V
1632 4886 2025 4959 tdupliciter.—⁶V-r.

694 4977 2027 5049 -‘’P-quando.—¹V=neque.—⁸Vzneque.—⁹P—3.-¹⁰V.:ta.—

696 5066 1704 5133 ¹¹V2naturaliterenti.-¹¹v1-n0n.-¹¹P-1.-¹⁴v-
1728 5067 2028 5123 ro.-2¹⁶v-1.-.-

697 5156 1048 5223 ¹⁹P-1.—¹'V—1‚
