4872 6552
1263 888 1468 959 „52-

697 1082 898 1165 impossibile
928 1097 976 1147 est
1005 1083 1130 1166 aliquid
1161 1102 1273 1146 eorum
1305 1103 1486 1159 remanere,
1514 1103 1572 1146 nec
1604 1083 1775 1147 hominem
1806 1103 1865 1147 nec
1893 1081 2029 1147 animal.

695 1191 837 1275 Apparet
863 1193 960 1273 igitur
982 1210 1021 1253 ex
1047 1190 1141 1253 dictis
1167 1191 1268 1273 quod,
1290 1190 1558 1274 qualitercunque
1584 1190 1685 1255 homo
1713 1204 1864 1274 ponatur,
1887 1192 2032 1274 sequitur

696 1298 804 1379 ipsum
825 1297 958 1360 difficile
979 1300 1144 1362 anxioma.

776 1404 863 1467 ilinc
877 1404 965 1487 quod
981 1405 1081 1487 aliqui
1099 1404 1171 1468 ficta
1187 1408 1198 1447 1
1213 1407 1482 1468 inconueniencia
1497 1406 1639 1482 deducti,
1653 1406 1805 1469 dixerunt
1819 1405 1919 1488 quod,
1936 1405 2031 1469 rebus

652 1529 664 1572 a
694 1512 875 1586 destructis,
896 1513 1028 1575 termini
1048 1532 1115 1575 non
1136 1512 1355 1595 significarent
1376 1512 1474 1589 idem,
1490 1526 1546 1576 aut
1564 1514 1721 1596 equiuoce
1742 1511 1981 1594 significaren13
2000 1527 2031 1576 et

694 1618 779 1693 ideo,
793 1631 912 1683 retenta
928 1620 1033 1702 prima
1048 1621 1224 1702 posicione,
1239 1634 1295 1682 aut
1311 1639 1369 1682 nec
1380 1640 1494 1683 verum
1509 1639 1568 1683 nec
1583 1618 1703 1682 falsum
1717 1619 1930 1702 significatur,
1943 1620 2031 1682 etsie

694 1745 752 1789 nec
768 1746 843 1789 uera
864 1747 923 1789 nec
942 1725 1034 1799 falsa,
1051 1740 1107 1788 aut
1121 1726 1255 1810 aliquod
1274 1728 1472 1809 equiuocum
1493 1725 1705 1809 significatur,
1721 1726 1761 1790 de
1780 1745 1846 1808 quo
1867 1745 1932 1789 non
1954 1746 2031 1809 que-

693 1834 807 1895 rimus.
825 1834 859 1896 Si
875 1835 964 1896 enim
982 1834 1040 1896 hec
1054 1836 1206 1911 omnino,
1224 1836 1324 1898 homo
1340 1847 1386 1896 est
1400 1834 1538 1909 animal,
1552 1835 1583 1896 in
1601 1853 1696 1897 sensu
1710 1833 1854 1916 quodam
1871 1834 2030 1916 equiuoco

692 1960 767 2003 vera
782 1942 834 2016 sit,
851 1939 944 2003 nullo
960 1940 1143 2022 particulari
1160 1942 1295 2004 homine
1310 1942 1476 2016 existente,
1493 1960 1560 2003 non
1575 1941 1745 2022 querimus
1758 1940 1799 2003 ad
1816 1960 1956 2023 presens,

634 2077 663 2109 ιο
774 2048 812 2111 Et
842 2049 893 2111 isti
921 2050 1023 2111 eciam
1054 2048 1138 2111 male
1166 2048 1292 2111 dicunt.
1327 2048 1412 2110 Nam
1441 2050 1610 2130 corrupcio
1644 2067 1750 2110 rerum
1782 2068 1848 2110 non
1879 2048 2030 2131 peruenit

690 2154 881 2217 earumdem
910 2157 1175 2238 concepcionem.
1205 2156 1409 2238 Conceptum
1439 2168 1547 2218 autem
1577 2154 1751 2238 significari
1781 2155 1934 2238 possibile
1961 2167 2008 2218 est
2018 2176 2027 2233 ;

690 2277 721 2325 et
744 2263 818 2326 ideo
840 2276 888 2326 cst
911 2263 1003 2327 aliter
1026 2263 1214 2326 dicendum.

772 2477 812 2540 Et
829 2491 877 2541 est
896 2479 986 2561 prius
1006 2478 1255 2562 intelligendum
1275 2477 1363 2559 quod
1383 2476 1530 2560 cognicio
1545 2477 1687 2540 veritatis
1707 2478 1740 2539 in
1761 2478 1883 2561 aliquo,
1904 2477 2028 2541 solucio

689 2584 863 2648 diuisionis
878 2598 925 2649 est
934 2607 942 2662 ;
959 2598 989 2649 et
1004 2586 1210 2668 cognoscenti
1225 2586 1391 2648 veritatem
1410 2585 1443 2645 in
1459 2584 1569 2667 aliqua
1584 2604 1628 2661 re,
1640 2599 1771 2668 apparet
1784 2604 1882 2648 causa
1895 2584 2028 2648 discolie

631 2708 660 2751 15
690 2706 720 2754 et
741 2692 1011 2756 contradiccionis
1033 2691 1238 2755 diuersorum
1263 2693 1297 2753 in
1321 2691 1375 2754 illa
1398 2711 1441 2754 re.

771 2799 947 2863 Solvamus
984 2801 1081 2882 igitur
1113 2820 1245 2863 causam
1279 2799 1412 2862 discolie
1444 2814 1475 2863 et
1506 2798 1788 2875 contradiccionis,
1822 2798 2027 2862 ostendentes

691 2908 799 2988 ipsum
825 2906 914 2989 quod
938 2907 1107 2970 sciendum
1128 2920 1187 2983 est,
1207 2906 1296 2990 quod
1320 2908 1377 2989 qui
1403 2907 1496 2989 ponit
1520 2906 1688 2970 hominem
1715 2925 1781 2969 non
1807 2924 1875 2968 esse
1898 2906 2027 2969 uniuer-

689 3013 809 3089 saliter,
834 3014 979 3096 implicat
1000 3014 1202 3097 oppositum,
1224 3015 1318 3076 cuius
1340 3013 1517 3076 declaracio
1539 3027 1586 3075 est
1608 3033 1663 3095 per
1684 3026 1747 3076 tres
1769 3013 1924 3075 raciones.

771 3121 881 3184 Primo
902 3122 958 3183 sic.
984 3120 1030 3182 De
1052 3122 1180 3183 racione
1202 3121 1347 3183 humane
1370 3134 1484 3183 nature
1505 3134 1552 3183 est
1566 3119 1654 3202 quod
1677 3121 1746 3202 ipsa
1765 3120 1806 3182 sit
1825 3139 1883 3182 ens
1901 3119 2026 3201 simpli-

627 3257 659 3288 ιο
688 3229 777 3303 citer,
801 3248 868 3291 non
895 3247 952 3310 pro
973 3228 1189 3291 determInato
1212 3242 1368 3311 tempore,
1393 3229 1476 3290 sicut
1500 3241 1637 3291 socrates
1661 3228 1711 3291 vel
1737 3227 1834 3310 plato
1863 3227 1945 3310 Ergo
1968 3227 2025 3309 qui

689 3334 860 3397 hominem
886 3336 977 3416 ponit
997 3354 1065 3397 esse
1088 3354 1155 3397 non
1177 3354 1247 3411 ens,
1268 3336 1384 3417 accipit
1402 3334 1441 3398 de
1465 3335 1599 3397 homine
1618 3335 1805 3416 oppositum
1829 3333 1918 3396 illius
1936 3333 2025 3416 quod

687 3455 735 3504 est
748 3441 788 3504 de
803 3461 862 3503 sua
878 3442 1018 3516 racione,
1035 3443 1117 3505 sicut
1131 3444 1188 3524 qui
1205 3457 1337 3524 poneret
1353 3442 1522 3505 hominem
1540 3456 1722 3516 mortuum,
1738 3442 1781 3503 ita
1796 3440 1884 3523 quod
1899 3442 2025 3522 questio

687 3550 863 3630 querentis,
883 3562 993 3611 vtrum
1015 3548 1073 3611 hec
1092 3550 1132 3611 sit
1153 3569 1237 3621 vera,
1259 3548 1360 3612 homo
1380 3564 1426 3612 est
1445 3548 1569 3611 animal
1591 3548 1684 3611 nullo
1705 3548 1839 3611 homine
1858 3548 2023 3622 existente,

688 3655 805 3718 similis
833 3669 880 3717 est
908 3656 1070 3738 questioni
1100 3657 1260 3737 querenti,
1286 3669 1394 3718 rtrum
1428 3656 1528 3718 homo
1559 3657 1600 3719 sit
1629 3654 1766 3729 animal,
1793 3653 1928 3716 homine
1956 3673 2022 3718 non

626 3779 657 3823 25
686 3762 841 3824 existente
866 3762 1064 3835 substancia,
1089 3763 1140 3825 uel
1167 3782 1233 3825 non
1258 3764 1413 3825 existente
1435 3762 1583 3825 animali.

769 3868 923 3931 Preterea.
944 3869 1010 3948 Qui
1027 3870 1105 3951 petit
1119 3871 1307 3951 oppositum
1327 3870 1465 3952 generis,
1481 3870 1520 3932 de
1535 3871 1638 3951 specie
1656 3870 1844 3951 oppositum
1866 3867 2022 3950 implicat.

687 3973 749 4036 Sed
773 3976 830 4057 qui
855 3977 932 4058 petit
957 3977 1125 4038 hominem
1152 3996 1220 4039 non
1244 3996 1324 4051 esse,
1349 3976 1400 4039 uel
1428 3996 1492 4038 non
1518 3996 1586 4038 esse
1609 3995 1679 4051 ens,
1704 3977 1809 4058 querit
1834 3976 2022 4057 oppositum

685 4084 810 4163 generis
832 4102 886 4145 seu
909 4083 1079 4163 generalis,
1103 4082 1191 4165 quod
1213 4083 1253 4145 ad
1278 4086 1480 4165 propositum
1505 4103 1570 4145 non
1594 4081 1738 4147 referunt
1758 4081 1798 4145 de
1819 4083 1934 4165 specie.

768 4188 920 4251 Preterea.
944 4189 1009 4269 Qui
1027 4192 1104 4272 petit
1120 4190 1290 4253 hominem
1312 4210 1379 4252 non
1400 4210 1479 4265 esse,
1497 4190 1643 4272 implicat
1657 4190 1723 4253 duo
1738 4190 1898 4272 opposita,
1915 4190 2024 4252 sicut‘l

625 4314 657 4357 30
686 4296 740 4377 qui
759 4297 836 4377 petit
852 4295 1023 4358 hominem
1041 4316 1107 4359 non
1124 4317 1193 4359 esse
1207 4297 1390 4360 hominem.
1409 4297 1492 4380 Ergo
1507 4297 1652 4379 implicat
1666 4296 1925 4360 contradictoria.

767 4402 922 4465 Probacio
948 4404 1116 4487 vtriusque
1143 4406 1387 4486 premissarum.
1420 4404 1575 4467 Probacio
1600 4418 1648 4467 est
1673 4406 1822 4487 superius
1849 4402 2021 4465 manifesta

684 4508 894 4590 opponend0,
918 4510 996 4592 quia
1020 4511 1045 4572 si
1072 4510 1173 4573 homo
1196 4524 1243 4572 est
1268 4530 1334 4573 non
1360 4511 1472 4584 home,
1497 4526 1577 4574 tunc
1602 4531 1656 4593 per
1679 4512 1927 4575 conuersionem
1954 4529 2020 4573 non

685 4615 785 4678 homo
810 4630 857 4679 est
884 4616 997 4680 homo.
1024 4617 1056 4680 Si
1088 4619 1184 4699 igitur
1214 4618 1315 4680 homo
1341 4618 1459 4682 dicitur
1486 4619 1525 4681 de
1555 4638 1621 4681 non
1652 4619 1787 4681 homine
1816 4631 1955 4700 ponente
1982 4616 2021 4680 de

685 4722 830 4797 homine,
846 4722 993 4785 dicemus
1012 4744 1087 4807 ergo
1106 4739 1136 4787 et
1155 4724 1196 4787 de
1218 4725 1364 4799 homine,
1387 4726 1463 4809 quia
1484 4727 1540 4808 qui
1563 4726 1641 4789 dicit
1666 4724 1837 4788 hominem
1861 4743 1929 4786 esse
1954 4743 2019 4786 non

624 4848 655 4892 35
685 4829 854 4892 hominem
872 4830 1017 4913 implicat
1034 4833 1203 4896 hominem
1219 4847 1249 4895 et
1266 4852 1331 4895 non
1350 4833 1530 4896 hominem.

764 4937 890 4999 Similis
913 4937 1064 5020 probacio
1087 4941 1224 5002 minoris
1245 4954 1303 5002 est.
1329 4940 1415 5020 Quia
1437 4942 1462 5003 si
1486 4941 1586 5004 homo
1607 4954 1654 5004 est
1675 4959 1742 5003 non
1765 4959 1834 5016 ens,
1855 4939 1956 5004 homo
1974 4953 2021 5003 est

757 5163 765 5193 ¹
785 5162 830 5216 Ms
844 5188 880 5207 =
894 5162 971 5233 luga.
993 5194 1025 5202 —
1046 5164 1057 5195 ¹
1077 5163 1122 5218 llls
1135 5189 1171 5208 τε
1184 5162 1243 5218 sed.
