4892 6540
977 836 1180 912 41..

1042 1196 1114 1280 [hi]

489 1354 586 1435 Quod
601 1374 677 1419 vero
693 1374 783 1419 nono
797 1355 911 1420 dicunt
925 1356 1064 1419 liberum
1083 1356 1253 1420 arbitrium
1271 1359 1282 1400 1
1297 1377 1365 1420 esse
1379 1357 1561 1441 potenciam
1579 1359 1741 1441 passiuam

409 1474 439 1525 et
466 1481 532 1525 non
559 1463 718 1539 actiuam,
744 1476 774 1526 et
800 1462 872 1527 ideo
897 1462 936 1527 de
964 1465 1149 1529 necessitate
1176 1466 1299 1528 moueri
1326 1465 1367 1528 ab
1393 1465 1577 1548 appetibili,
1604 1467 1744 1529 omnino

408 1569 587 1633 absurdum
617 1583 664 1634 est
692 1584 721 1634 et
749 1584 861 1634 contra
891 1572 1049 1655 principia
1076 1572 1256 1635 ethicorum
1291 1572 1576 1656 philosophorum.
1607 1573 1743 1655 Accepte

408 1678 496 1741 enim
517 1676 671 1743 dicuntur
685 1678 739 1741 ille
760 1680 906 1761 potencie
921 1699 984 1762 que
1004 1681 1131 1763 passiue
1147 1693 1304 1746 vocantur
1319 1681 1352 1742 in
1373 1680 1496 1757 anima,
1513 1681 1595 1744 sicut
1610 1681 1643 1742 in
1659 1680 1742 1743 libro
1772 1695 1785 1738 5

408 1783 448 1848 de
470 1786 582 1849 anima
607 1785 652 1849 3⁰.
677 1786 835 1869 Accepeio
862 1806 1033 1869 nunquam
1062 1788 1131 1850 sine
1156 1788 1287 1850 accione
1313 1786 1488 1869 perficitur,
1512 1800 1542 1850 et
1567 1788 1638 1851 ideo
1664 1786 1743 1851 tales

409 1895 555 1975 potencie
573 1894 763 1976 simpliciter
781 1894 908 1978 passiue
927 1913 995 1957 esse
1016 1908 1162 1977 possunt.
1184 1893 1281 1958 Tales
1300 1896 1387 1957 enim
1411 1895 1556 1977 potencie
1575 1914 1635 1958 suo
1653 1908 1684 1958 et
1703 1893 1743 1958 de

408 2021 467 2064 suo
486 2001 659 2066 conferunt
679 2000 801 2065 formas
815 2006 905 2085 que8
924 2002 958 2065 in
980 2003 1057 2084 ipsis
1077 2015 1164 2077 sunt,
1180 2003 1262 2065 sicut
1283 2003 1488 2085 perspicuum
1510 2020 1569 2064 suo
1584 2001 1667 2066 etde
1683 2021 1742 2065 suo

407 2108 531 2172 confert
550 2107 653 2172 forme
668 2109 788 2173 visibili
804 2109 891 2193 quod
907 2111 1002 2173 estin
1019 2111 1089 2193 ipso
1105 2111 1285 2174 secundum
1302 2130 1370 2174 esse
1384 2110 1521 2172 luminis
1536 2122 1565 2173 et
1582 2111 1741 2194 perspicui

407 2229 547 2279 tantum.
567 2216 605 2280 Et
620 2217 681 2280 hoc
696 2216 795 2280 modo
815 2217 995 2281 intellectus
1008 2231 1039 2281 et
1053 2219 1163 2281 omnis
1182 2218 1381 2301 accepcionis
1402 2236 1475 2300 pars
1494 2216 1619 2280 confert
1635 2195 1740 2299 [nihl]
1774 2244 1803 2275 ιο

407 2321 510 2388 forme
536 2337 565 2387 et
591 2326 655 2408 agit
681 2325 714 2386 in
741 2343 777 2387 ea
801 2325 966 2389 veritatem
994 2339 1024 2388 et
1050 2324 1290 2408 simplicitatem
1316 2344 1379 2408 que
1406 2325 1439 2387 in
1467 2325 1539 2407 ipso
1563 2339 1610 2389 est
1636 2323 1741 2388 forma

408 2431 632 2514 intelligibilis.
656 2431 694 2495 Et
713 2451 788 2495 eum
811 2431 992 2496 intellectus
1006 2431 1046 2495 de
1059 2432 1225 2516 appetibili
1241 2446 1272 2495 et
1285 2433 1428 2515 appetitu
1450 2430 1546 2495 saciat
1567 2431 1740 2507 nuncium,

406 2552 531 2603 constat
546 2539 634 2622 quod
654 2553 701 2603 est
714 2538 755 2603 de
773 2559 811 2603 eo
826 2539 913 2623 quod
933 2540 1094 2622 appetitus
1113 2538 1264 2603 confertl
1282 2538 1448 2622 appetibili
1464 2537 1553 2621 quod
1570 2538 1677 2621 ipsum
1694 2550 1741 2601 est

407 2648 440 2709 in
460 2648 616 2730 appetitu.
640 2647 733 2710 Talis
753 2661 862 2711 autem
887 2648 1035 2730 operacio
1055 2666 1074 2710 a
1099 2645 1301 2730 philosophis
1325 2659 1414 2709 actus
1438 2644 1597 2730 perfectus
1618 2658 1649 2708 et
1671 2664 1739 2708 non

406 2753 613 2838 imperfectus
632 2774 700 2818 esse
714 2754 843 2830 dicitur,
859 2756 936 2837 quia
957 2766 1065 2817 motus
1080 2772 1147 2816 non
1162 2766 1243 2817 esset
1258 2751 1395 2815 alicuius
1409 2765 1500 2816 actus
1521 2750 1739 2835 imperfectus,
1773 2767 1801 2810 ιε

407 2862 468 2923 nisi
489 2875 571 2925 esset
588 2864 690 2926 eciam
706 2862 843 2926 alicuius
858 2875 948 2926 actus
964 2860 1133 2945 perlectus.
1152 2860 1207 2923 Est
1221 2861 1309 2923 enim
1325 2872 1416 2923 actus
1431 2860 1588 2943 perfectus
1605 2860 1740 2923 motoris

405 2980 435 3030 et
456 2970 591 3051 agentis,
615 2968 822 3053 imperfectus
843 2982 952 3032 autem
976 2968 1108 3033 mobilis
1129 2981 1159 3031 et
1182 2968 1347 3051 pacientis.
1371 2966 1457 3030 Cum
1482 2987 1557 3050 ergo
1582 2967 1741 3051 principia

404 3077 639 3140 constituencia
654 3076 795 3140 formam
813 3091 884 3161 post
899 3076 1114 3140 intellectuale
1128 3088 1158 3139 et
1172 3074 1346 3159 appetibile
1361 3075 1426 3139 sint
1441 3075 1543 3158 ipsius
1559 3073 1741 3138 intellectus

404 3196 434 3247 et
460 3184 633 3267 appetitus,
660 3183 739 3247 tales
765 3184 912 3267 potencie
937 3203 955 3246 a
981 3182 1101 3266 quibus
1130 3181 1238 3245 fluunt
1266 3182 1342 3246 talia
1371 3181 1551 3246 formarum
1582 3182 1740 3266 principia

406 3292 517 3374 pocius
539 3304 615 3354 sunt
636 3292 742 3355 actiua
764 3311 862 3374 quam
887 3291 1027 3375 passiua,
1051 3305 1082 3355 et
1103 3290 1191 3374 quod
1216 3290 1289 3374 plus
1310 3306 1368 3367 est,
1392 3310 1518 3373 semper
1538 3303 1614 3354 sunt
1635 3290 1740 3353 actiua
1769 3314 1801 3346 20

404 3398 505 3461 eciam
533 3399 714 3462 secundum
741 3398 829 3481 quod
856 3413 933 3463 sunt
962 3400 1102 3482 passiua.
1133 3398 1202 3463 Hec
1228 3400 1330 3462 eciam
1359 3417 1455 3461 causa
1482 3410 1528 3460 est
1552 3417 1651 3480 quare
1680 3416 1741 3460 nos

404 3524 520 3568 sumus
534 3505 661 3569 domini
681 3520 814 3570 actuum
836 3520 1034 3570 nostrorum.
1058 3506 1258 3589 Principium
1279 3525 1353 3588 ergo
1373 3505 1488 3568 talium
1509 3505 1543 3566 in
1566 3503 1662 3567 nobis
1680 3517 1738 3569 est.

405 3611 480 3675 Non
500 3631 574 3695 ergo
595 3614 774 3676 necessario
794 3626 945 3676 mouetur
959 3613 1001 3677 ab
1019 3612 1197 3695 appetibili.

483 3720 602 3783 Adhuc
628 3733 736 3783 autem
771 3720 844 3783 talis
874 3719 995 3803 pseudo
1029 3720 1245 3803 philosophus
1272 3718 1408 3784 destruit
1439 3719 1679 3783 continenciam
1709 3732 1741 3782 et

404 3841 508 3892 totum
533 3827 654 3890 librum
680 3839 725 3911 7ῐῃ
749 3827 975 3902 nichomatice‚
1000 3828 1077 3910 quia
1102 3828 1274 3892 continens
1301 3832 1451 3909 passione
1475 3827 1561 3910 turpi
1589 3840 1740 3890 mouetur
1768 3840 1800 3883 2⁵

404 3934 458 3998 sed
475 3953 541 3997 non
557 3932 738 4010 deducitur,
755 3935 922 3998 abstinens
936 3934 978 3997 ab
996 3935 1196 3997 insecutione
1217 3935 1406 4017 passionum
1428 3953 1483 4016 per
1497 3933 1635 3996 liberum
1656 3933 1740 3996 arbi-

404 4043 514 4105 trium.
532 4041 703 4125 Contingit
714 4055 822 4105 autem
837 4041 890 4105 ille
902 4061 989 4105 error
1002 4042 1084 4105 sicut
1098 4056 1129 4105 et
1143 4040 1332 4118 theolras10‚
1346 4043 1423 4125 quia
1437 4042 1557 4105 scilicet
1572 4042 1739 4125 passiones

403 4149 513 4212 anime
527 4150 567 4212 ad
585 4150 751 4232 passiones
768 4150 916 4233 physicas
933 4163 1176 4225 mensurantur,
1191 4169 1267 4212 cum
1284 4148 1367 4212 nihil
1383 4149 1490 4212 simile
1506 4149 1647 4212 habeant
1661 4168 1737 4212 cum

404 4256 493 4339 ipsis,
510 4258 591 4321 sicut
606 4257 764 4321 omnibus
784 4256 920 4341 planum
941 4258 1058 4340 estqui
1074 4257 1252 4322 ethicorum
1276 4256 1357 4320 bene
1377 4258 1480 4320 sciant
1500 4255 1735 4340 philosophias.

1043 4526 1096 4609 [Χ]

481 4687 579 4767 Quod
594 4701 702 4751 autem
721 4707 757 4751 ro
772 4687 902 4765 dicitur,
918 4688 1004 4768 Quia
1018 4687 1099 4752 deus
1113 4686 1290 4770 singularia
1306 4706 1372 4750 non
1388 4688 1566 4770 cognoscit,
1579 4707 1618 4750 ex
1632 4687 1739 4750 omni-

403 4794 499 4857 moda
515 4794 663 4877 procedit
683 4796 881 4878 ignorancia.
904 4794 1107 4877 Supponitur
1125 4795 1214 4857 enim
1236 4794 1324 4877 quod
1346 4795 1484 4858 sciencia
1503 4793 1554 4857 dei
1577 4793 1617 4857 ad
1637 4795 1738 4856 scien-

400 4902 484 4965 ciam
508 4901 653 4964 hominis
675 4903 715 4966 sit
737 4903 887 4977 immota,
908 4900 996 4985 quod
1019 4902 1051 4964 in
1076 4902 1181 4985 prima
1203 4901 1411 4986 philosophia
1432 4915 1480 4965 est
1502 4901 1735 4984 improbatum.

484 5126 492 5158 ¹
512 5126 559 5181 Ms
573 5125 607 5196 l·
621 5125 785 5183 arbitrium.
806 5158 841 5167 -
860 5127 872 5160 ¹
890 5127 936 5183 llis
950 5153 985 5173 =
998 5126 1089 5199 quod.
1111 5158 1145 5167 —
1165 5128 1176 5160 ⁸
1195 5127 1241 5182 his
1253 5151 1289 5172 =
1302 5126 1461 5185 confertur.
