4872 6552
885 2369 1062 2454 [Prologus
1083 2379 1116 2433 et
1135 2369 1278 2452 divisio]

494 2586 660 2669 Incipiunt
693 2584 879 2667 questiones
914 2584 954 2647 de
986 2584 1098 2647 anima
1134 2582 1330 2647 intellectiua
1364 2583 1511 2648 ordinate
1542 2604 1560 2648 a
1595 2585 1748 2668 magistro

414 2693 524 2777 Sigero
545 2692 586 2757 de
608 2692 779 2756 brabantia
792 2694 814 2755 1.

494 2908 605 2992 [C]um
621 2908 733 2972 anima
748 2909 788 2971 sit
802 2906 941 2971 aliorum
957 2906 1189 2990 cognoscitiua‚
1205 2919 1298 2990 turpe
1316 2919 1364 2970 est
1382 2920 1417 2970 ut
1436 2925 1470 2970 se
1489 2907 1593 2989 ipsam
1610 2906 1745 2989 ignoret.

413 3015 454 3080 Se
476 3017 580 3099 ipsam
603 3017 719 3079 enim²
740 3017 905 3099 ignorans,
930 3013 1097 3097 quomodo
1118 3013 1158 3077 de
1178 3014 1252 3077 aliis
1273 3013 1337 3077 fida
1360 3014 1536 3096 putabitur.
1562 3013 1616 3078 Est
1636 3027 1745 3078 autem
1776 3039 1790 3083 ⁵

411 3143 515 3187 vnum
542 3123 631 3206 quod
656 3124 767 3186 anime
791 3120 831 3185 de
857 3124 914 3184 se⁸
938 3122 1104 3185 maxime⁴
1127 3122 1206 3185 scire
1232 3120 1426 3197 desiderant,
1453 3120 1584 3197 scilicet,
1610 3121 1747 3205 qualiter

411 3232 578 3314 contingat
596 3250 614 3293 a
633 3230 823 3313 corporibus
843 3230 993 3312 separari.
1010 3228 1118 3305 Vnde,
1138 3241 1168 3292 et
1187 3228 1270 3292 sicut
1288 3228 1365 3292 dicit
1384 3227 1632 3292 Commentator
1651 3249 1747 3312 super

412 3338 584 3422 prologum
613 3338 653 3401 de
680 3339 820 3412 Anima,
851 3336 935 3400 banc
962 3338 1167 3419 questionem
1197 3355 1323 3418 semper
1350 3335 1536 3399 debemus⁵
1565 3355 1684 3418 ponere
1712 3338 1745 3399 in

411 3445 532 3510 directo
553 3446 723 3509 oculorum
747 3458 954 3520 nostrorum;
975 3457 1006 3507 et
1025 3444 1110 3519 ideo,
1126 3443 1374 3526 exposcentibus
1393 3444 1519 3518 amicis,
1535 3462 1648 3507 eorum
1665 3445 1747 3507 desi-

411 3552 501 3616 derio
525 3572 584 3636 pro
608 3551 743 3616 modulo
767 3566 876 3615 nostre
900 3550 1123 3633 possibilitatis
1148 3550 1327 3613 satisfacere
1353 3551 1532 3633 cupientes,
1558 3551 1637 3634 quid
1664 3553 1746 3615 circa
1778 3587 1808 3620 ιο

412 3660 553 3743 predicta
575 3659 814 3723 senciendum⁶
832 3659 873 3723 sit
894 3659 1074 3722 secundum
1098 3657 1316 3721 documenta⁷
1337 3657 1608 3740 philosophorum
1632 3660 1747 3742 proba-

411 3780 533 3843 torum,
561 3786 628 3830 non
656 3765 780 3849 aliquid
804 3785 842 3828 ex
866 3764 962 3828 nobis
984 3778 1173 3840 asserentes
1201 3764 1338 3846 presenti
1366 3777 1501 3827 tractatu
1532 3767 1746 3848 proponimus

411 3873 582 3938 declarare.
610 3872 717 3937 Huius
738 3885 846 3937 autem
869 3884 1021 3936 tractatus
1043 3892 1063 3934 x
1084 3885 1162 3935 sunt
1182 3870 1334 3955 capitula.

492 3982 667 4044 Primum⁸
685 3993 755 4043 est:
776 3980 890 4060 Quid⁹
908 3979 1066 4043 debemus
1081 3981 1106 4022 1⁰
1126 3978 1302 4062 intelligere
1322 3998 1377 4062 per
1397 3998 1518 4043 nomen
1538 3980 1671 4044 anime?

491 4087 706 4152 Secundum:
730 4087 818 4167 Quid
840 4088 881 4150 sit
902 4086 1042 4150 anima?
1777 4114 1806 4157 15

491 4194 645 4259 Tercium
678 4207 725 4259 est
752 4213 759 4256 ε
797 4193 944 4274 Qualiter
971 4195 1082 4257 anima
1111 4193 1306 4258 intellectiua
1340 4196 1382 4259 sit
1416 4194 1568 4278 perfectio
1602 4198 1746 4281 corporis

410 4317 442 4369 et
462 4302 595 4367 forma?

490 4412 652 4493 Quartum
679 4422 726 4474 est
752 4413 803 4473 1¹:
832 4410 950 4474 Utrum
980 4411 1092 4474 anima
1121 4410 1316 4475 intellectiua
1343 4411 1385 4476 sit
1412 4411 1668 4496 incorruptibilis
1693 4413 1744 4477 vel

409 4518 628 4603 corruptibilis
643 4520 679 4595 1²,
702 4532 810 4582 eterna
831 4519 866 4580 in
888 4517 1026 4582 futuro?

490 4627 653 4708 Quintum
675 4639 746 4690 est:
771 4626 891 4689 Utrum
914 4627 955 4690 sit
975 4638 1084 4691 eterna
1106 4625 1140 4688 in
1163 4626 1339 4709 preterito?

491 4906 500 4939 ¹
525 4906 548 4959 V
569 4931 605 4952 =
628 4904 734 4978 lncipit
758 4904 880 4977 quidam
906 4916 1046 4961 tractatus
1071 4904 1108 4961 de
1131 4905 1230 4961 anima
1252 4918 1280 4962 et
1306 4907 1393 4963 hebet
1418 4906 1518 4962 decem
1544 4907 1681 4980 capitula.
1709 4940 1744 4950 -

410 4996 421 5028 ¹
443 4995 464 5049 V
484 5022 520 5041 =
542 4994 572 5050 Si
593 4994 671 5050 enim
694 4993 799 5067 ipsam.
814 4994 874 5035 —⁸
892 4996 913 5050 Ρ
932 5022 969 5042 =
990 5011 1061 5051 esse.
1079 4994 1174 5052 —⁴P
1195 5022 1232 5042 =
1253 4997 1394 5053 multum.
1417 5028 1453 5037 —
1471 4996 1523 5049 ‘V
1544 5023 1580 5043 =
1601 4997 1743 5054 debemus

411 5101 532 5158 semper.
548 5117 582 5126 -
599 5084 647 5138 ‘V
660 5084 873 5140 :sciendum
888 5116 922 5126 —
941 5085 952 5119 l
966 5087 987 5141 P
1000 5112 1036 5131 =
1052 5084 1200 5156 dogmata,
1219 5117 1255 5126 -
1272 5086 1284 5119 ⁸
1301 5087 1324 5140 V
1337 5087 1371 5158 -l-
1385 5098 1494 5143 tutem.
1514 5118 1547 5127 -
1564 5086 1577 5120 ⁹
1594 5088 1616 5143 P
1628 5086 1663 5161 †
1678 5104 1741 5145 nos.

410 5207 443 5223 v-
464 5174 765 5239 ¹⁰V=debeamus.
785 5206 819 5214 -
840 5174 950 5237 ιιΡ-
973 5192 995 5229 t.
1015 5174 1222 5238 —¹¹V-o.
