4872 6552
967 935 1171 999 ,91-

401 1102 477 1167 Non
500 1103 589 1166 enim
614 1103 814 1186 contingeret
838 1102 976 1166 scribere
998 1104 1113 1179 securi,
1136 1115 1166 1167 ct
1194 1123 1299 1168 secare
1328 1124 1447 1189 penna,
1467 1118 1523 1169 aut
1548 1106 1735 1171 domilicare

399 1210 534 1274 cithara.
560 1209 657 1273 Nunc
680 1222 789 1274 autem
814 1212 927 1273 anima
950 1211 1052 1274 utitur
1074 1230 1207 1294 corpore
1229 1211 1270 1274 ad
1294 1232 1353 1275 sua
1376 1232 1484 1295 opera,
1506 1225 1537 1276 et
1559 1226 1607 1277 est
1628 1228 1664 1279 ut
1684 1235 1735 1279 ars

400 1318 497 1380 insita
518 1316 540 1393 ¹,
565 1329 601 1380 ut
624 1336 676 1379 ars
703 1315 915 1380 domificandi
945 1319 971 1380 si
1001 1318 1203 1382 instruerct²
1225 1319 1323 1402 ligna.
1349 1319 1471 1382 Anima
1499 1339 1574 1404 ergo
1602 1323 1736 1405 requirit

400 1426 550 1508 corpus⁸
582 1424 835 1488 determinatum
856 1427 881 1501 1,
914 1424 1109 1508 dispositum
1141 1438 1172 1489 et
1203 1439 1407 1510 preparatum
1437 1427 1477 1490 ad
1504 1447 1562 1490 sua
1591 1448 1687 1512 opera
1709 1431 1732 1491 ⁵.

401 1531 486 1595 Bene
504 1549 578 1613 ergo
597 1530 721 1595 dictum
741 1543 789 1595 est
807 1530 896 1615 quod
915 1532 1027 1595 anima
1045 1545 1093 1596 est
1111 1546 1201 1597 actus
1220 1534 1363 1617 corporis
1378 1535 1488 1597 uiuere
1504 1536 1657 1618 potentis,
1673 1536 1735 1600 hoc
1764 1552 1778 1595 5

399 1651 458 1715 est,
488 1658 555 1702 non
584 1637 758 1703 cuiuslibet
779 1641 793 1681 1
817 1640 972 1723 corporis,
999 1640 1054 1703 sed
1082 1641 1151 1704 eius
1184 1642 1272 1724 quod
1301 1655 1348 1706 est
1381 1643 1510 1725 propria
1544 1644 1677 1706 materia
1704 1656 1735 1707 et

401 1746 549 1828 potencia
572 1745 612 1808 ad
635 1747 784 1809 animam
809 1759 839 1810 et
862 1747 977 1823 uitam,
999 1748 1120 1812 eteius
1144 1768 1251 1832 opera.
1279 1749 1318 1813 Et
1341 1749 1413 1813 ideo
1435 1749 1518 1813 male
1542 1749 1735 1814 determina-

400 1865 520 1916 uerunt
539 1852 579 1916 de
602 1853 715 1915 anima
739 1853 840 1917 nichil
863 1854 1006 1918 dicentes
1029 1854 1068 1918 de
1092 1855 1290 1939 susceptibili
1314 1875 1458 1940 corpore,
1483 1858 1568 1920 acsi
1593 1857 1735 1940 quelibet

398 1960 511 2022 anima
531 1959 699 2044 quodlibet
717 1980 834 2044 corpus
854 1963 987 2044 posset?
1011 1962 1134 2045 ingredi
1155 1964 1336 2027 secundum
1362 1965 1569 2047 pictagoricas
1593 1964 1732 2027 fabulas.

400 2066 496 2131 Nunc
514 2080 622 2132 autem
643 2087 711 2132 non
730 2081 779 2132 est
797 2070 851 2132 ita.
1766 2101 1796 2132 ιο

481 2173 601 2251 lmmo,
619 2175 801 2238 secundum
822 2174 1042 2240 differenciam
1062 2177 1262 2254 animarum,
1282 2191 1407 2262 oportet
1425 2198 1492 2242 esse
1511 2190 1542 2242 et
1559 2197 1733 2261 corporum

399 2281 657 2365 susceptibilium
672 2280 907 2359 differenciam,
922 2283 965 2347 ita
978 2297 1014 2347 ut
1027 2303 1094 2347 non
1106 2283 1259 2348 differant
1272 2286 1417 2349 membra
1430 2286 1534 2350 leonis
1546 2306 1565 2349 a
1579 2284 1734 2349 membris

398 2390 498 2465 cerui,
514 2390 577 2453 nisi
593 2391 670 2473 quia
684 2387 792 2453 differt
806 2391 917 2453 anima
932 2390 973 2454 ab
988 2392 1110 2464 anima.
1129 2392 1167 2456 Et
1182 2392 1244 2457 hoc
1259 2393 1513 2456 rationabiliter:
1530 2393 1607 2477 quia
1627 2391 1734 2456 forma

400 2515 467 2560 non
493 2509 541 2561 est
568 2497 629 2559 nisi
655 2498 689 2559 in
715 2499 844 2581 propria
871 2499 1022 2576 materia3
1050 2501 1161 2565 anima
1185 2513 1293 2564 autem
1318 2513 1365 2563 est
1387 2501 1530 2584 corporis
1554 2499 1672 2577 forma,
1697 2513 1734 2564 ut

398 2603 509 2666 uisum
535 2617 593 2668 est.
621 2603 798 2672 Sciendum
823 2617 930 2668 autem
958 2606 1046 2690 quod
1072 2626 1148 2670 cum
1176 2626 1286 2671 semen
1311 2609 1352 2671 sit
1374 2610 1387 2650 1
1415 2627 1532 2689 corpus
1555 2609 1674 2672 uiuens
1698 2609 1732 2670 in
1765 2625 1794 2670 ιε

400 2712 558 2793 potencia,
574 2712 685 2774 anima
700 2730 767 2775 non
782 2725 829 2776 est
843 2725 934 2776 actus
948 2714 1091 2797 corporis
1110 2715 1221 2778 uiuere
1237 2716 1376 2798 potentis
1395 2714 1452 2779 illo
1468 2716 1567 2779 modo
1587 2717 1733 2798 potencie

399 2837 465 2901 quo
484 2837 596 2881 semen
615 2831 663 2882 est
681 2820 828 2902 potencia
848 2821 977 2883 uiuens.
999 2819 1116 2885 Semen
1133 2825 1146 2864 1
1164 2823 1253 2885 enim
1274 2835 1321 2885 est
1344 2823 1427 2886 sicut
1451 2825 1597 2905 potencia
1615 2825 1733 2887 viuens

398 2925 486 3009 quod
502 2944 570 2990 non
585 2925 683 2990 habet
698 2928 857 2991 animam.
874 2927 1002 3012 Corpus
1019 2942 1125 2993 autem
1142 2932 1236 2993 cuius
1250 2944 1339 2994 actus
1358 2943 1405 2994 est
1423 2933 1534 2996 anima
1555 2932 1619 2994 iam
1636 2930 1733 2996 habet

397 3033 543 3096 animam
559 3036 595 3097 11.
622 3033 770 3098 Dicimus
797 3049 907 3099 tamen
934 3038 960 3079 11
986 3055 1105 3120 corpus
1132 3039 1226 3101 cuius
1253 3052 1343 3103 actus
1371 3051 1417 3102 est
1444 3040 1556 3102 anima
1585 3040 1732 3123 potencia

396 3141 525 3217 niuem,
541 3143 619 3226 quia
639 3155 669 3206 et
690 3142 763 3206 licet
783 3142 901 3207 habeat
921 3145 1068 3208 animam
1093 3159 1124 3209 et
1147 3147 1249 3209 uitam
1272 3147 1426 3230 primam,
1441 3148 1601 3231 contingit
1621 3160 1731 3211 tamen
1761 3176 1794 3208 20

398 3248 507 3332 ipsum
534 3269 603 3313 esse
629 3251 663 3312 in
690 3251 838 3333 potencia
863 3250 904 3314 ad
926 3254 952 3294 11
966 3271 1062 3335 opera
1078 3253 1153 3329 vite,
1169 3266 1199 3316 et
1226 3253 1298 3316 ideo
1323 3253 1441 3319 dicitur
1468 3254 1548 3318 illud
1574 3274 1692 3338 corpus
1707 3258 1732 3298 11

397 3357 513 3420 viuens
527 3377 595 3421 esse
610 3361 636 3402 11
651 3359 684 3419 in
701 3359 869 3441 potencia3
890 3371 958 3435 aut,
974 3361 1051 3443 quia
1065 3372 1097 3423 et
1115 3359 1188 3424 licet
1202 3380 1320 3445 corpus
1338 3363 1432 3425 cuius
1451 3376 1540 3427 actus
1555 3377 1602 3427 est
1620 3365 1732 3427 anima

398 3463 515 3529 habeat
533 3466 649 3542 uitam,
670 3465 784 3529 saltem
805 3466 839 3529 in
859 3479 931 3531 actu
954 3469 1071 3550 primo,
1093 3481 1203 3532 tamen
1226 3469 1289 3532 hoc
1313 3484 1448 3535 nonest
1470 3471 1510 3535 de
1533 3492 1578 3549 se,
1602 3472 1655 3535 sed
1677 3493 1732 3556 per

398 3573 543 3635 animam
557 3594 565 3650 ;
589 3572 706 3649 immo,
728 3573 768 3636 de
790 3593 823 3637 se
844 3574 951 3637 solum
975 3576 1078 3638 estin
1101 3577 1248 3659 potencia
1272 3577 1312 3640 ad
1337 3579 1439 3640 uitam
1464 3592 1495 3642 et
1517 3581 1677 3657 animam,
1701 3595 1732 3646 et

398 3679 468 3741 eius
495 3698 602 3762 opera.
626 3678 741 3743 Solum
772 3681 869 3761 igitur
896 3681 990 3745 debet
1019 3682 1167 3766 intelligi,
1189 3703 1265 3746 cum
1295 3685 1413 3749 dicitur
1437 3688 1462 3729 11
1489 3688 1635 3750 animam
1664 3708 1732 3753 esse
1761 3703 1792 3747 25

398 3798 506 3849 actum
519 3787 664 3869 corporis
678 3788 820 3851 viuentis
835 3789 868 3851 in
886 3790 1045 3872 potencia,
1056 3791 1160 3873 ipsam
1177 3811 1245 3855 esse
1259 3805 1368 3856 actum
1384 3797 1410 3837 11
1426 3814 1492 3859 non
1508 3795 1732 3880 cuiuscunque

398 3894 553 3976 corporis
583 3893 638 3957 sed
666 3893 815 3977 dispositi
846 3909 877 3960 et
910 3899 1068 3980 preparati
1101 3898 1143 3961 ad
1171 3900 1318 3963 animam
1352 3914 1382 3965 et
1414 3903 1484 3965 eius
1511 3922 1619 3986 opera.
1650 3903 1731 3967 Tale

397 4012 505 4063 autem
522 4002 547 4043 11
567 4014 615 4065 est
641 4020 760 4085 corpus
785 4003 875 4086 quod
901 4018 948 4069 est
972 4007 1176 4089 organicum,
1204 4006 1267 4071 hoc
1292 4021 1351 4084 est,
1371 4009 1459 4093 quod
1488 4010 1585 4074 habet
1613 4024 1729 4094 partes,

398 4106 500 4191 figura
515 4121 546 4172 et
559 4109 777 4192 disposicione
792 4110 987 4176 differentes.
1008 4112 1047 4177 Et
1066 4113 1128 4177 hoc
1148 4115 1396 4180 racionabiliter.
1413 4116 1499 4181 Cum
1515 4102 1603 4181 enim
1620 4120 1731 4182 anima

399 4215 570 4299 multiplex
593 4218 635 4281 sit
649 4220 674 4260 11
698 4219 731 4282 in
757 4220 934 4283 uirtutibus
956 4233 987 4283 et
1010 4222 1044 4283 in
1068 4223 1328 4305 operacionibus
1344 4225 1442 4308 exigit
1461 4227 1658 4309 principium
1679 4227 1729 4290 sui
1759 4239 1792 4284 30

397 4325 539 4406 corporis
555 4324 769 4409 multiplicem
788 4326 1024 4405 differenciam,
1044 4342 1080 4393 ut
1100 4349 1155 4413 per
1173 4331 1315 4395 diversas
1334 4335 1477 4414 corporis
1498 4346 1613 4417 parteS,
1634 4354 1730 4417 opera

397 4431 524 4495 diuersa
545 4446 696 4497 exerceat.
722 4434 830 4511 Vnde,
852 4448 883 4500 et
903 4437 1023 4519 species
1050 4438 1172 4515 anime,
1191 4452 1315 4523 quanto
1330 4441 1356 4483 11
1379 4440 1474 4504 fuerit
1498 4441 1641 4524 plurium
1667 4443 1732 4505 uir-

398 4552 505 4603 tutum
526 4553 556 4604 et
575 4543 811 4624 potenciarum,
827 4556 918 4608 tanto
937 4543 1034 4610 habet
1049 4565 1167 4630 corpus
1181 4546 1325 4629 amplius
1345 4548 1378 4610 in
1401 4550 1545 4630 partibus
1564 4548 1727 4613 differens.

478 4837 566 4891 ¹V=
578 4838 700 4895 musica.
713 4839 850 4893 -’V=
862 4839 990 4897 intraret.
1005 4873 1038 4881 -
1052 4842 1063 4875 1
1077 4842 1101 4895 V
1116 4874 1149 4882 -
1168 4859 1190 4897 r.
1203 4843 1258 4883 -1
1274 4842 1539 4902 Ρὲάεειίηεωῐη.
1552 4878 1587 4887 -
1600 4848 1611 4880 1
1623 4847 1730 4905 V-:et

397 4925 433 4980 ad
454 4943 507 4983 sua
526 4944 613 5000 opera
633 4940 827 5001 preparatum.
845 4961 880 4970 —
894 4929 906 4963 ⁶
920 4932 990 4986 P:
1003 4931 1229 5005 cuiuscumque.
1248 4966 1280 4974 —
1301 4934 1311 4967 1
1326 4934 1350 4987 V
1363 4959 1400 4983 :
1413 4935 1515 5007 possit.
1532 4968 1567 4977 —-
1581 4938 1592 4970 1
1605 4937 1629 4991 V
1643 4965 1678 4984 :2
1693 4939 1731 4995 sit

398 5016 768 5074 semen.-⁹P=idem.
787 5051 821 5059 -
842 5018 984 5094 ¹⁰P—9.
1001 5054 1034 5061 —
1056 5022 1165 5075 ¹¹V=
1182 5040 1262 5080 cum.
1280 5057 1314 5064 —
1333 5024 1641 5081 ¹¹P—1.—¹⁸V-
1658 5045 1730 5082 r.—

398 5105 1729 5186 ¹‘V-1.—¹⁸V-a=tamenqula.-¹⁶V—1.—¹'P:enim.-¹⁸V-1.-

399 5194 421 5231 11
434 5197 503 5251 P:
516 5209 672 5277 quantum,
