4892 6540
1249 871 1432 934 „5-

672 1076 783 1127 motus
805 1073 854 1126 est
875 1074 1017 1136 eternus,
1039 1058 1205 1123 circularis
1227 1058 1287 1121 erit
1309 1070 1450 1122 eternus.
1477 1056 1516 1120 Et
1537 1056 1615 1140 quia
1637 1055 1935 1140 circularisjmotus
1958 1068 2005 1120 est

673 1169 821 1255 proprius
842 1182 951 1232 motus
970 1166 1042 1243 celi,
1058 1179 1094 1230 ut
1113 1178 1197 1250 patet
1216 1185 1254 1228 ex
1275 1166 1381 1247 primo
1395 1163 1454 1228 celi
1470 1176 1501 1227 et
1516 1162 1646 1238 mundi,
1661 1162 1868 1226 concluditur
1882 1163 2002 1227 ibidem

671 1278 776 1341 celum
793 1296 862 1339 esse
877 1276 1059 1358 ingenitum
1075 1288 1106 1336 et
1123 1293 1293 1357 nunquam
1315 1271 1414 1334 luisse
1434 1270 1568 1334 factum.
1587 1269 1692 1334 Habet
1706 1284 1815 1333 tamen
1831 1270 2003 1354 specialem

672 1386 829 1449 rationem
855 1402 954 1467 quare
977 1382 1083 1446 celum
1108 1382 1149 1443 sit
1173 1381 1367 1462 ingenitum.
1393 1378 1479 1459 Quia
1502 1379 1703 1462 quicumque
1728 1377 1824 1442 habet
1849 1379 2003 1444 uirtutem

629 1511 642 1555 5
672 1507 708 1556 ut
727 1493 828 1576 possit
845 1509 914 1555 esse
934 1491 966 1552 in
989 1489 1110 1564 futuru,
1127 1487 1243 1551 habuit
1263 1488 1415 1549 uirtutem
1431 1484 1519 1569 quod
1539 1504 1666 1568 semper
1680 1498 1762 1548 esset
1780 1485 1813 1546 in
1835 1487 1983 1568 preterito
1994 1508 2003 1565 ;

670 1611 701 1664 et
715 1600 792 1683 quia
806 1598 912 1662 celum
930 1616 996 1659 non
1012 1595 1148 1670 deficiet,
1165 1613 1232 1657 non
1252 1594 1370 1676 incepit
1384 1612 1464 1667 esse,
1481 1606 1516 1655 ut
1532 1605 1617 1674 patet
1631 1611 1669 1654 ex
1685 1592 1792 1675 primo
1806 1592 1863 1656 celi
1881 1596 1903 1656 ¹.

752 1705 797 1788 [5]
821 1704 977 1779 Vlterius,
992 1701 1172 1766 secundum
1191 1702 1297 1783 ipsum
1312 1700 1468 1784 quicquid
1483 1702 1536 1776 sit,
1550 1700 1591 1762 sit
1605 1718 1644 1761 ex
1659 1701 1792 1762 materia
1808 1701 2003 1784 preiacente3

672 1812 744 1877 ideo
772 1811 879 1875 uoluit
905 1810 994 1894 quod
1023 1829 1089 1872 non
1120 1809 1220 1892 possit
1247 1827 1316 1871 esse
1343 1807 1428 1870 alius
1457 1806 1649 1869 indiuiduos
1677 1806 1763 1870 vnde
1791 1807 1871 1871 deus
1900 1823 2006 1891 posset

670 1920 771 1984 alium
794 1917 958 1982 mundum
980 1915 1094 1992 lacere,
1109 1917 1186 1999 quia
1206 1916 1264 1979 iste
1282 1926 1408 1978 constat
1422 1934 1461 1978 ex
1475 1926 1541 1978 tota
1560 1934 1619 1977 sua
1641 1914 1786 1990 materia,
1801 1928 1832 1977 et
1847 1914 1900 1978 bic
1918 1935 2005 1981 error

613 2059 643 2090 ιο
670 2026 833 2110 colligitur
847 2045 886 2088 ex
902 2025 1008 2108 primo
1022 2023 1081 2086 celi
1096 2035 1127 2086 et
1143 2021 1271 2085 mundi.

576 2114 580 2120 ¹
753 2133 797 2217 [ti]
821 2131 965 2195 Vlterius
1001 2130 1108 2213 posuit
1141 2129 1383 2213 generationem
1421 2128 1555 2192 istorum
1593 2127 1798 2193 infinitorum
1832 2149 2004 2214 nunquam

671 2259 793 2304 cessare
825 2252 856 2302 et
889 2256 1060 2320 nunquam
1099 2236 1268 2318 incepisse.
1303 2235 1388 2298 Nam
1421 2254 1556 2299 omnem
1590 2237 1831 2319 generationem
1867 2237 2006 2320 precedit

670 2347 836 2431 corruptio
856 2357 886 2408 et
907 2345 1053 2427 sequitur
1074 2344 1261 2427 corruptio;
1284 2355 1315 2406 et
1333 2361 1467 2406 ornnem
1489 2343 1728 2426 corruptionem
1753 2343 1892 2426 precedit
1911 2365 2006 2429 gene·

672 2456 752 2518 ratio
773 2467 804 2517 et
825 2453 971 2536 sequitur
991 2451 1167 2534 generatio.
1193 2450 1325 2533 Propter
1343 2449 1445 2534 quod,
1464 2451 1542 2534 quia
1563 2450 1743 2534 quamlibet
1762 2453 2004 2533 generationem

613 2581 642 2625 ι5
673 2561 812 2646 precedit
836 2560 1013 2643 corruptio,
1039 2571 1070 2622 et
1095 2557 1276 2641 quamlibet
1301 2558 1543 2640 corruptionem
1572 2558 1711 2640 precedit
1734 2559 1909 2642 generatio,
1937 2579 2004 2624 non

671 2683 719 2733 est
739 2666 893 2752 possibile
913 2667 1154 2750 generationem
1175 2680 1232 2730 aut
1249 2665 1491 2747 corruptionem
1514 2665 1683 2749 incepisse,
1704 2684 1763 2729 nec
1783 2679 1830 2730 est
1852 2667 2006 2750 possibile

670 2776 829 2851 desinere,
851 2774 928 2857 quia
950 2772 1133 2856 quamlibet
1155 2773 1395 2854 corruptionem
1421 2773 1566 2855 sequitur
1587 2774 1751 2855 generatio
1774 2787 1805 2837 et
1825 2773 2006 2857 quamlibet

670 2883 911 2967 generationem
933 2881 1097 2963 corruptio
1111 2884 1134 2942 ².
1159 2878 1193 2943 Si
1215 2898 1290 2962 ergo
1310 2880 1474 2963 generatio
1494 2892 1526 2943 et
1546 2880 1709 2963 corruptio
1729 2879 1913 2957 delicerent,
1935 2895 2006 2965 post

671 2990 822 3053 ultimam
837 2988 1079 3072 generationem
1096 3000 1177 3051 esset
1190 2988 1354 3070 generatio
1368 2999 1398 3050 et
1413 2999 1486 3070 post
1500 2987 1651 3051 ultimam
1668 2989 1908 3071 corruptionem
1925 3003 2007 3053 esset

611 3128 643 3161 ιο
671 3098 846 3181 corruptio.
868 3094 966 3176 Quod
988 3108 1096 3159 autem
1118 3095 1281 3178 generatio
1305 3094 1451 3177 precedat
1472 3108 1503 3158 et
1524 3109 1676 3178 sequatur
1694 3096 1871 3178 corrupti0,
1892 3096 2007 3180 probat

672 3224 728 3290 per
750 3205 836 3267 uiam
860 3215 981 3267 motus.
1008 3201 1091 3265 Nam
1116 3221 1183 3266 non
1206 3216 1252 3266 est
1273 3201 1396 3285 aliquid
1418 3214 1605 3285 generatum
1630 3203 1692 3265 nisi
1714 3203 1792 3286 quia
1813 3216 1859 3266 est
1881 3203 2005 3287 aliquid

670 3325 874 3395 corruptum,
890 3324 921 3375 et
936 3323 1052 3374 natura
1071 3311 1313 3392 generationem
1335 3309 1474 3393 precedit
1492 3310 1669 3393 corrupti0,
1689 3323 1720 3373 et
1742 3312 1839 3374 etiam
1861 3311 2006 3395 sequitur

671 3419 759 3504 quod
775 3437 874 3482 omne
887 3416 1072 3501 generabile
1085 3416 1251 3501 corporale
1264 3431 1294 3480 et
1308 3436 1408 3480 omne
1426 3416 1592 3500 corporale
1606 3416 1646 3480 de
1661 3418 1848 3482 necessitate
1862 3437 2006 3482 corrum-

673 3527 769 3611 pitur.
787 3524 841 3589 Sic
854 3526 951 3588 etiam
967 3525 1207 3607 corruptionem
1226 3523 1365 3607 precedit
1378 3525 1562 3606 generatio;
1578 3525 1655 3607 quia
1671 3524 1772 3588 nichil
1786 3527 2007 3609 corrumpitur

611 3654 642 3698 25
673 3633 736 3697 nisi
751 3632 838 3717 quod
859 3645 907 3695 est
926 3633 1015 3715 prius
1033 3646 1235 3714 generatum,
1252 3643 1283 3694 et
1297 3633 1443 3715 sequitur
1455 3632 1619 3712 generatio
1634 3633 1710 3716 quia
1729 3634 1893 3716 corruptio
1908 3634 2006 3696 vnius

671 3754 718 3805 est
738 3741 902 3824 generatio
920 3739 1063 3803 alterius.
1086 3738 1149 3801 Hic
1168 3754 1276 3803 autem
1296 3757 1395 3815 error,
1415 3739 1503 3823 quod
1522 3741 1686 3822 generatio
1708 3758 1774 3804 non
1794 3741 1929 3823 incipiat
1947 3759 2007 3804 nec

671 3848 809 3924 desinat,
823 3847 934 3911 haberi
951 3859 1054 3930 potest
1067 3866 1106 3909 ex
1122 3847 1228 3928 primo
1243 3845 1282 3909 de
1295 3847 1502 3929 generatione
1517 3861 1548 3910 et
1561 3867 1600 3909 ex
1614 3846 1757 3910 secundo
1771 3849 1963 3930 expressius.

752 3956 797 4039 [7]
821 3954 976 4031 Vlterius,
992 3954 1068 4037 quia
1083 3954 1246 4036 generatio
1261 3954 1295 4015 in
1317 3955 1385 4017 istis
1399 3966 1447 4017 est
1467 3973 1522 4037 per
1536 3954 1652 4031 solem,
1667 3967 1796 4018 coactus
1811 3953 1873 4018 luit
1888 3973 2006 4038 ponere

671 4062 759 4146 quod
782 4061 830 4126 sol
856 4081 1027 4145 nunquam
1050 4061 1187 4124 cessabit
1207 4080 1358 4144 generare
1380 4061 1506 4145 plantas
1527 4075 1558 4126 et
1579 4062 1654 4138 alia,
1677 4076 1713 4125 ut
1734 4076 1819 4146 patet
1839 4082 1878 4126 ex
1900 4064 2006 4146 primo

611 4190 643 4235 30
672 4169 713 4233 de
728 4168 974 4252 uegetabilibus.

753 4277 797 4360 [8]
821 4276 977 4352 Vlterius,
993 4276 1070 4359 quia
1093 4295 1159 4339 non
1182 4289 1230 4339 est
1252 4277 1381 4340 nouitas
1403 4278 1473 4340 sine
1495 4292 1587 4341 motu
1610 4277 1808 4360 precedente,
1824 4279 2004 4343 secundum

673 4385 814 4467 positum
832 4382 1101 4459 fundamentum,
1117 4383 1236 4447 errauit
1256 4384 1372 4447 uolens
1386 4405 1404 4447 a
1418 4383 1479 4448 deo
1499 4403 1567 4448 non
1588 4404 1681 4468 posse
1703 4386 1872 4468 procedere
1892 4389 2007 4452 imme·

672 4492 757 4555 diate
778 4490 909 4575 aliquod
933 4509 1074 4567 nouum,
1095 4505 1131 4555 ut
1150 4505 1234 4574 patet
1254 4511 1292 4555 ex
1314 4491 1457 4555 secundo
1477 4491 1516 4555 de
1536 4494 1755 4575 generatione,
1776 4494 1831 4558 vbi
1853 4495 1899 4559 ait
1917 4495 2004 4578 quod

673 4599 758 4662 idern
775 4618 913 4662 manens
929 4598 1028 4676 idem,
1043 4612 1103 4663 etc.

611 4726 642 4770 35
752 4707 797 4790 [9]
821 4707 964 4770 Vlterius
991 4719 1121 4771 coactus
1147 4706 1209 4770 fuit
1235 4726 1350 4791 negare
1378 4709 1643 4772 resurrectionem
1674 4722 1893 4786 mortuorum,
1919 4710 2005 4774 vnde

673 4833 731 4898 pro
758 4815 1002 4878 inconuenienti
1029 4815 1156 4891 habuit,
1184 4828 1220 4879 ut
1246 4828 1331 4898 patet
1355 4835 1395 4879 ex
1421 4817 1528 4899 primo
1553 4816 1593 4879 de
1618 4817 1742 4894 anima,
1769 4817 1857 4901 quod
1885 4819 2004 4882 mortui

673 4935 850 5005 resurgant.
882 4922 967 4986 Nam
997 4923 1031 4985 in
1059 4923 1134 5007 viij⁰
1162 4923 1380 5007 metaphysice
1407 4924 1480 4988 uult
1507 4924 1595 5008 quod
1626 4937 1793 4989 mortuum
1824 4944 1890 4989 non
1924 4925 2006 4990 redit

753 5147 761 5187 ¹
782 5147 826 5212 La
842 5147 998 5223 reference
1013 5156 1054 5203 est
1069 5148 1157 5207 d’ttne
1172 5156 1259 5207 outre
1274 5166 1372 5209 encre.
1388 5182 1421 5189 —
1437 5149 1448 5181 ²
1468 5150 1512 5204 Ms
1525 5176 1560 5195 r
1573 5150 1730 5220 generatio.
