4892 6540
482 2136 516 2223 [f.
534 2134 609 2223 206]
634 2141 750 2224 Incipit
769 2140 921 2205 Albertus
941 2141 1082 2223 Magnus
1101 2141 1140 2204 de
1159 2136 1355 2221 Quindecim
1378 2142 1632 2225 proplematibus
1653 2134 1735 2206 bene

400 2248 441 2311 ab
459 2250 529 2331 ipso
544 2247 777 2313 determinatis.

480 2464 665 2528 Venerabili
690 2465 724 2527 in
748 2464 868 2528 christo
893 2465 973 2548 patri
998 2483 1035 2527 ac
1056 2464 1194 2528 domino
1217 2464 1363 2540 Alberto,
1387 2465 1539 2548 episcopo
1563 2463 1731 2548 quondam

401 2572 628 2654 ratisponensi,
655 2571 764 2635 Frater
788 2571 921 2655 Egidius
944 2572 1069 2636 ordinis
1094 2572 1343 2655 predicatorum,
1369 2571 1440 2635 licet
1464 2570 1631 2654 indignus,
1658 2590 1733 2633 cum

400 2678 502 2744 salute
536 2679 714 2762 glorificare
746 2680 920 2744 dominum
958 2682 992 2742 in
1025 2680 1193 2744 doctrinis.
1230 2678 1392 2743 Articulos
1427 2698 1510 2762 quos
1546 2691 1735 2762 proponunt
1766 2693 1779 2737 5

400 2785 543 2866 magistri
564 2786 597 2846 in
618 2785 713 2848 scolis
730 2785 882 2860 ParisiuS,
898 2787 955 2869 qui
976 2787 1010 2847 in
1031 2785 1239 2869 philosophia
1259 2786 1396 2848 maiores
1417 2797 1618 2868 reputantur,
1633 2799 1736 2848 vestre

400 2892 581 2974 paternitati
602 2904 769 2975 tamquam
786 2912 858 2955 vere
874 2892 1097 2956 intellectuum
1120 2892 1342 2956 illuminatrici
1363 2893 1580 2955 transmittere
1594 2891 1732 2975 dignum

399 2998 490 3074 duxi,
517 3010 554 3061 ut
579 3017 633 3062 eos
659 3013 769 3062 tamen
796 3001 829 3060 in
858 2999 971 3062 multis
998 3000 1308 3083 congregacionibus
1336 3001 1558 3082 impugnatos,
1585 3018 1643 3063 vos
1669 3000 1735 3062 oris

399 3106 494 3169 vestri
510 3106 626 3188 spiritu
643 3106 905 3170 interminaretis.

480 3212 621 3275 Primus.
660 3211 757 3292 Quod
792 3212 973 3277 intellectus
1006 3215 1157 3278 omnium
1192 3212 1367 3276 hominum
1401 3225 1448 3276 est
1475 3232 1562 3277 vnus
1589 3225 1619 3276 et
1649 3213 1734 3277 idem
1768 3241 1797 3274 ιο

400 3340 551 3385 numero.

479 3427 660 3492 Secundus.
684 3428 782 3509 Quod
798 3429 858 3492 ista
873 3442 920 3492 est
934 3428 1015 3493 salsa
1030 3430 1099 3492 siue
1114 3429 1291 3511 impropria
1308 3448 1315 3491 :
1334 3428 1434 3493 homo
1449 3429 1611 3513 intelligit.

478 3534 626 3599 Tercius.
650 3535 747 3617 Quod
764 3535 917 3599 uoluntas
932 3535 1077 3599 hominis
1092 3556 1131 3599 ex
1146 3536 1331 3599 necessitate
1346 3536 1418 3599 uult
1432 3549 1463 3600 et
1477 3537 1576 3620 eligit.

478 3642 633 3722 Quartus.
656 3642 754 3723 Quod
780 3645 893 3706 omnia
916 3663 980 3727 que
1004 3644 1037 3706 in
1062 3642 1270 3707 inferioribus
1296 3656 1436 3726 aguntur
1460 3644 1602 3708 subsunt
1628 3663 1735 3708 neces-

399 3749 484 3812 sitati
507 3768 680 3832 corporum
705 3749 884 3813 celestium.
1766 3765 1795 3809 ιε

479 3856 635 3936 Quintus.
659 3856 755 3937 Quod
773 3857 919 3921 mundus
934 3871 980 3922 est
994 3871 1134 3923 eternus.

480 3961 607 4027 Sextus.
631 3962 727 4044 Quod
744 3984 916 4048 nunquam
934 3964 996 4028 fuit
1011 3966 1136 4049 primus
1152 3965 1265 4029 homo.

479 4069 655 4153 Septimus.
681 4071 779 4150 Quod
798 4074 911 4134 anima
925 4092 988 4156 que
1002 4087 1049 4135 est
1064 4072 1169 4136 forma
1184 4072 1342 4148 hominis,
1359 4073 1539 4136 secundum
1555 4072 1643 4156 quod
1660 4070 1733 4145 hoc,

398 4190 625 4257 corrumpatur
639 4192 791 4261 corrupto
806 4179 951 4242 homine.

478 4284 631 4348 Octavus.
656 4283 753 4364 Quod
779 4286 890 4348 anima
918 4298 990 4369 post
1016 4300 1152 4350 mortem
1181 4301 1325 4370 separata
1351 4306 1418 4349 non
1446 4288 1565 4370 patitur
1591 4287 1632 4350 ab
1660 4288 1734 4370 igne
1763 4313 1795 4344 20

397 4409 562 4475 corporeo.

478 4499 606 4563 Nonus.
630 4499 727 4580 Quod
748 4500 887 4564 liberum
903 4502 1073 4565 arbitrium
1089 4515 1137 4565 est
1152 4503 1300 4585 potencia
1320 4503 1462 4585 pessino,
1480 4521 1548 4565 non
1568 4503 1686 4578 actiua,
1703 4518 1734 4567 et

397 4605 485 4688 quod
501 4606 541 4669 de
560 4609 746 4671 necessitate
768 4622 918 4672 mouetur
936 4609 977 4672 ab
997 4609 1177 4692 appetibili.

479 4713 644 4778 Decimus.
668 4714 755 4795 Quia
770 4715 850 4779 deus
865 4735 932 4779 non
948 4718 1113 4799 cognoscit
1126 4716 1302 4800 singularia
1319 4719 1341 4778 ¹.

479 4820 692 4884 Vndecimus.
717 4822 803 4902 Quia
819 4842 885 4886 non
901 4824 1066 4906 cognoscit
1080 4823 1168 4887 aliud
1184 4844 1203 4888 a
1217 4843 1261 4887 se.
1762 4837 1793 4881 25

479 4927 711 4991 Duodecimus.
735 4929 820 5009 Quia
836 4929 975 4992 humani
991 4943 1081 4994 actus
1097 4949 1163 4994 non
1180 4943 1335 5012 reguntur
1350 4930 1560 5013 prouidencia
1574 4929 1636 4993 dei.

474 5152 482 5183 ¹
501 5151 556 5207 llls.
572 5177 608 5197 =
619 5152 744 5223 singula.
