4892 6540
1026 858 1208 920 ,7-

448 1024 563 1086 viuum
589 1025 651 1086 nisi
677 1042 732 1106 per
756 1025 971 1087 mutationem
997 1026 1009 1066 1
1033 1025 1184 1101 materie3
1208 1036 1239 1087 et
1262 1025 1288 1087 si
1313 1023 1405 1098 redit,
1432 1044 1499 1088 non
1526 1025 1607 1089 redit
1633 1024 1717 1089 idem
1745 1025 1779 1086 in

449 1149 598 1206 numero,
614 1131 691 1214 quia
705 1149 846 1214 quorum
867 1129 1047 1194 substantia
1062 1130 1185 1213 deperit
1204 1149 1271 1194 non
1293 1130 1427 1195 redeunt
1445 1131 1557 1195 eadem
1575 1133 1608 1194 in
1630 1150 1779 1205 numero,

448 1252 484 1301 ut
508 1237 586 1301 dicit
612 1238 754 1301 secundo
780 1237 819 1301 de
843 1239 1061 1321 generatione.
1092 1239 1159 1301 Nec
1185 1238 1271 1302 ualet
1296 1240 1322 1302 si
1349 1238 1450 1321 aliqui
1479 1238 1602 1301 uellent
1629 1257 1780 1301 excusare

448 1345 570 1426 ipsum,
586 1346 663 1427 quia
682 1364 810 1428 semper
825 1344 968 1428 loquitur
991 1363 1046 1427 per
1065 1345 1153 1407 uiam
1177 1358 1303 1422 nature,
1323 1365 1398 1408 cum
1421 1344 1556 1408 credidit
1578 1343 1677 1407 nichil
1700 1345 1779 1408 noui

449 1470 541 1534 posse
563 1450 630 1514 fieri
652 1451 750 1515 adeo
773 1452 971 1528 immediate,
994 1451 1048 1515 sed
1070 1471 1171 1516 omne
1192 1472 1318 1515 nouum
1342 1451 1409 1515 fieri
1432 1471 1486 1535 per
1507 1453 1596 1514 uiam
1621 1463 1729 1515 motus
1749 1463 1780 1514 et
1809 1470 1822 1514 5

448 1577 503 1638 per
516 1559 736 1642 operationem
754 1573 878 1623 nature.

529 1665 594 1748 [ro]
622 1665 869 1750 Vlterius,quia
894 1666 1029 1730 credidit
1055 1667 1157 1730 nichil
1184 1668 1263 1731 noui
1293 1685 1385 1750 posse
1413 1666 1609 1748 contingere,
1633 1666 1696 1728 nisi
1726 1684 1780 1748 per

448 1772 536 1836 uiam
558 1786 666 1836 motus
687 1786 718 1836 et
738 1775 958 1857 operationem
980 1786 1106 1849 nature,
1126 1773 1272 1848 credidit,
1289 1786 1324 1836 ut
1338 1787 1469 1856 apparet
1487 1792 1526 1836 ex
1546 1773 1653 1857 primo
1673 1772 1780 1856 physi-

446 1898 572 1956 corum,
601 1880 735 1964 quando
763 1880 905 1964 disputat
933 1896 1044 1945 contra
1072 1900 1306 1965 anaxagoram,
1335 1880 1424 1964 quod
1454 1880 1635 1944 intellectus
1663 1878 1779 1942 uolens

446 2006 593 2069 separare
619 1988 785 2070 passiones
809 2002 841 2051 et
865 1987 1042 2051 accidentia
1067 2008 1086 2050 a
1112 1987 1302 2051 substantiis
1327 1999 1409 2050 esset
1435 1985 1615 2051 intellectus
1640 2005 1779 2070 querens
1811 2016 1840 2048 ιο

446 2094 681 2177 impossibilia3
709 2095 946 2178 propterquod
971 2094 1101 2158 uidetur
1123 2096 1213 2178 sequi
1238 2094 1326 2178 quod
1350 2094 1430 2157 deus
1454 2112 1522 2157 non
1547 2106 1654 2177 posset
1676 2092 1779 2157 lacere

445 2200 594 2264 accidens
608 2201 679 2264 sine
694 2201 849 2265 subiecta.

527 2308 554 2390 [r
568 2308 594 2390 ι]
616 2307 772 2385 Vlterius,
794 2310 871 2392 quia
898 2329 953 2393 per
975 2310 1063 2372 viam
1092 2298 1202 2372 motus
1228 2327 1400 2391 nunquam
1424 2321 1472 2371 est
1494 2309 1657 2390 generatio
1679 2307 1778 2371 vnius

447 2416 509 2478 nisi
530 2418 571 2480 sit
590 2418 754 2500 corruptio
774 2415 916 2492 alterius,
936 2430 967 2479 et
986 2435 1157 2500 nunquam
1182 2414 1397 2479 introducitur
1415 2434 1479 2478 vna
1502 2414 1607 2478 forma
1629 2414 1779 2478 substan-

445 2523 530 2587 tialis
555 2524 616 2586 nisi
641 2522 821 2605 expellatur
843 2522 918 2599 alia,
942 2542 1018 2586 cum
1043 2522 1155 2586 eadem
1182 2525 1222 2586 sit
1248 2524 1379 2586 materia
1404 2523 1555 2585 omnium
1583 2522 1775 2586 habentium
1810 2540 1838 2584 1⁵

444 2650 530 2706 eam,
553 2632 699 2713 sequitur
718 2649 755 2693 ex
779 2630 839 2694 hoc
858 2630 946 2714 quod
969 2649 1036 2693 non
1058 2644 1136 2694 sunt
1158 2630 1265 2714 plures
1286 2629 1391 2694 forme
1412 2629 1640 2693 substantiales
1663 2629 1695 2691 in
1710 2648 1778 2693 vno

444 2739 626 2822 composito
647 2757 746 2821 quam
773 2739 805 2800 in
829 2737 905 2801 alio.
932 2736 1039 2801 lmmo
1060 2739 1116 2820 qui
1143 2738 1224 2801 bene
1248 2737 1453 2820 prosequitur
1475 2736 1642 2799 materiam
1668 2737 1776 2812 istam,

445 2846 573 2910 uidetur
600 2865 668 2909 esse
697 2845 887 2929 ponendum
918 2845 951 2908 in
980 2846 1162 2928 composito
1187 2849 1199 2887 ²
1226 2864 1325 2908 vnam
1361 2843 1499 2907 formam
1529 2843 1775 2907 substantialem

444 2966 585 3029 tantum,
610 2966 641 3017 et
666 2954 709 3017 ita
732 2953 861 3016 uidetur
879 2952 983 3016 dicere
1008 2952 1234 3035 philosophus,
1257 2953 1300 3035 vij
1325 2950 1554 3034 metaphysice,
1575 2951 1719 3033 capitulo
1737 2950 1777 3014 de

444 3064 566 3127 vnitate
579 3060 800 3136 diffinitionis,
816 3060 871 3124 vbi
887 3060 959 3123 uult
975 3076 1077 3143 partes
1092 3058 1300 3124 diffinitionis
1316 3080 1383 3123 non
1402 3078 1471 3122 esse
1484 3070 1587 3123 vnum
1604 3059 1682 3141 quia
1700 3071 1776 3122 sunt
1805 3086 1837 3118 ιο
1856 3054 1877 3086 “⁴

445 3172 478 3233 in
493 3190 570 3246 vno,
584 3169 638 3233 sed
652 3170 728 3253 quia
743 3169 858 3233 dicunt
869 3188 969 3254 unam
989 3183 1157 3245 naturam;
1173 3167 1261 3250 quod
1277 3169 1302 3231 si
1320 3166 1470 3250 intelligit
1483 3186 1582 3230 vnam
1600 3180 1750 3229 naturam
1764 3171 1777 3210 ³

442 3278 658 3361 compositam
681 3296 721 3340 ex
745 3276 893 3359 pluribus
917 3275 1044 3351 formis,
1068 3288 1174 3357 posset
1194 3275 1320 3339 tolerari
1343 3275 1523 3339 secundum
1546 3274 1727 3358 quosdam;
1748 3276 1775 3338 si

443 3399 550 3448 autem
573 3384 723 3467 intelligit
742 3403 842 3446 vnam
866 3397 1017 3447 naturam
1039 3383 1234 3465 simplicem,
1249 3398 1280 3447 et
1294 3383 1381 3466 quod
1402 3385 1443 3447 sit
1463 3386 1496 3446 in
1515 3384 1696 3466 composito
1711 3402 1776 3446 vna

443 3492 549 3556 sorma
563 3505 706 3567 tantum,
722 3491 851 3555 uidetur
866 3490 985 3555 falsum
1002 3511 1069 3555 esse
1084 3496 1107 3554 ⁴.

524 3599 591 3684 [tal
614 3598 756 3662 Vlterius
777 3600 881 3682 ponit,
896 3598 951 3661 vbi
971 3611 1018 3661 est
1036 3618 1140 3662 vnum
1157 3613 1307 3682 stagnum
1329 3600 1380 3663 uel
1402 3619 1500 3676 mare,
1518 3599 1580 3663 fuit
1598 3599 1776 3683 aliquando
1805 3611 1836 3655 2⁵

443 3708 563 3770 siccum
580 3722 610 3771 et
624 3726 641 3770 e
655 3725 834 3783 conuerso;
854 3707 932 3789 quia
950 3718 1080 3790 tempus
1100 3725 1167 3769 non
1183 3706 1301 3782 deficit,
1318 3707 1373 3770 sed
1392 3721 1440 3771 est
1458 3722 1619 3784 eternum,
1636 3720 1671 3770 ut
1691 3720 1776 3790 patet

442 3816 602 3897 exprimo
619 3813 928 3897 metaphysicorum,
944 3813 1030 3877 vnde
1046 3833 1172 3877 necesse
1187 3814 1325 3878 habebat
1337 3814 1440 3877 dicere
1452 3814 1540 3897 quod
1557 3833 1623 3878 non
1639 3828 1686 3879 est
1700 3814 1776 3878 dare

444 3924 586 4006 primum
604 3922 773 3986 hominem
792 3940 849 3984 nec
865 3922 1003 4004 primam
1021 3922 1179 4004 pluuiam.

524 4029 591 4113 [13]
615 4028 770 4105 Vlterius,
786 4030 864 4112 quia
883 4029 929 4091 sic
949 4047 1004 4111 per
1018 4030 1108 4092 uiam
1129 4042 1243 4092 nature
1258 4029 1363 4092 uoluit
1378 4028 1534 4105 incedere,
1550 4049 1624 4093 cum
1647 4042 1775 4093 natura-

444 4138 513 4201 liter
534 4136 601 4201 duo
621 4155 755 4219 corpora
777 4156 845 4201 non
868 4137 995 4220 possint
1018 4156 1085 4199 esse
1108 4137 1141 4199 in
1163 4137 1276 4201 eodem
1300 4137 1383 4213 loe0,
1405 4136 1550 4211 credidit,
1574 4149 1609 4200 ut
1632 4150 1717 4220 patet
1737 4157 1775 4201 ex
1804 4145 1837 4190 ³0

442 4257 478 4308 κθ
502 4244 724 4328 physicorum,
751 4244 840 4328 quod
868 4243 949 4307 adeo
976 4256 1059 4307 esset
1088 4264 1142 4328 per
1170 4264 1202 4308 se
1231 4245 1319 4328 quod
1345 4244 1567 4309 dimensiones
1595 4246 1775 4309 resisterent

441 4351 717 4428 dimensionibus,
737 4363 768 4414 et
785 4350 873 4434 quod
896 4364 943 4415 est
966 4352 1168 4435 impossibile
1186 4352 1275 4436 quod
1295 4352 1517 4417 dimensiones
1538 4365 1727 4417 remaneant
1745 4366 1775 4417 et

443 4475 550 4524 tamen
576 4459 841 4523 dimensionibus
867 4479 933 4522 non
962 4460 1122 4536 resistant,
1148 4461 1387 4545 propterquod
1414 4462 1559 4544 sequitur
1582 4461 1671 4545 quod
1694 4461 1775 4525 deus

445 4586 509 4631 non
536 4579 642 4651 posset
666 4566 769 4631 iacere
791 4566 859 4630 duo
881 4585 1014 4650 corpora
1038 4586 1101 4650 que
1122 4567 1135 4609 ⁶
1157 4586 1226 4631 esse
1251 4568 1376 4650 possint
1401 4569 1433 4631 in
1458 4567 1571 4632 eodem
1597 4569 1677 4633 loco.

521 4675 588 4758 [14]
610 4674 754 4739 Vlterius
768 4673 856 4758 quod
873 4692 939 4737 non
955 4686 1021 4737 erat
1036 4673 1088 4737 uel
1105 4692 1172 4737 non
1188 4687 1270 4738 esset
1286 4675 1498 4758 intelligentia
1514 4696 1645 4740 mouere
1659 4689 1774 4760 potens
1803 4684 1835 4728 35

523 4934 533 4967 ¹
550 4935 596 4990 lts
609 4961 645 4980 =
663 4936 766 4991 multa.
788 4968 822 4975 -
842 4934 853 4968 ¹
872 4935 917 4991 llis
931 4936 965 5007 -l-
978 4951 1051 4993 esse.
1072 4967 1106 4976 —
1126 4936 1138 4969 ⁸
1157 4936 1214 4991 Les
1233 4936 1302 5009 cinq
1319 4935 1457 4992 derniers
1474 4945 1550 4993 mots
1568 4954 1603 4992 en
1623 4954 1728 5010 marga
1747 4945 1775 4992 et

442 5022 530 5079 d'une
542 5032 629 5079 outre
641 5041 739 5080 encre.
759 5057 791 5064 -
813 5024 825 5058 ⁴
837 5024 884 5081 En
900 5042 1004 5105 margo
1017 5034 1045 5081 et
1059 5026 1147 5085 d'utte
1160 5034 1248 5082 autre
1262 5043 1372 5089 encre:
1387 5043 1447 5084 non
1461 5027 1723 5106 condempnatum.
1740 5059 1774 5071 -

442 5112 454 5151 l
472 5113 518 5168 Ms
530 5140 565 5161 =
577 5130 636 5192 que
648 5130 780 5193 corpora.
