4906 6542
667 902 763 953 illvm

663 1080 898 1168 productioris
925 1081 1222 1169 philosophiques
1248 1078 1309 1148 des
1335 1081 1478 1149 maltres
1503 1078 1539 1148 es
1563 1097 1636 1148 arts
1660 1096 1723 1150 ont
1747 1084 1798 1150 ete
1818 1075 1998 1152 d’ailleurs

666 1198 735 1263 tres
762 1218 869 1277 rareS,
895 1198 923 1263 si
950 1218 1041 1263 nous
1064 1198 1198 1264 devons
1221 1218 1265 1264 en
1289 1198 1404 1265 croire
1425 1200 1541 1264 Bacon
1562 1198 1997 1288 1etappliquerprop0r-

665 1313 937 1380 tionnellement
965 1336 1035 1380 aux
1060 1314 1170 1381 clercs
1196 1313 1363 1381 seculiers
1387 1315 1429 1380 de
1453 1315 1485 1379 la
1512 1312 1640 1381 laculte
1663 1315 1723 1381 des
1748 1330 1821 1381 arts
1846 1336 1884 1382 ce
1911 1317 1998 1403 qu'il

666 1450 757 1496 nous
782 1430 832 1496 dit
857 1431 917 1495 des
943 1426 1087 1496 maitres
1112 1430 1278 1497 seculiers
1303 1431 1345 1496 de
1375 1430 1407 1496 la
1433 1428 1560 1496 faculte
1585 1431 1627 1496 de
1649 1430 1838 1519 theologie.
1866 1431 1999 1520 Depuis

664 1561 837 1633 quarante
867 1568 945 1625 ans,
978 1546 1104 1613 ecrit-il
1136 1567 1177 1613 en
1213 1569 1308 1632 1271,
1339 1546 1388 1612 les
1416 1546 1583 1614 seculiers
1615 1547 1715 1613 n'ont
1744 1568 1806 1634 pas
1832 1548 1999 1635 composi

666 1685 713 1728 un
739 1662 813 1729 seul
839 1663 939 1729 traite
964 1665 1005 1728 de
1031 1663 1219 1751 theologie,
1245 1678 1278 1729 et
1302 1684 1337 1729 se
1361 1676 1568 1730 contentent
1589 1663 1763 1730 d'utiliser
1783 1685 1827 1730 en
1851 1678 1928 1731 tout
1951 1665 1999 1731 les

664 1792 813 1845 travaux
833 1781 892 1845 des
914 1780 1162 1846 Dominicains
1182 1795 1215 1846 et
1234 1781 1295 1846 des
1317 1780 1565 1846 Franciscains
1586 1786 1609 1844 ².

754 1898 802 1962 La
840 1911 935 1963 vaste
978 1896 1226 1984 encyclopedie
1269 1896 1492 1984 scientifique
1529 1897 1688 1963 d'Albert
1729 1897 1863 1964 semble
1900 1898 2000 1965 avoir

664 2011 805 2100 defraye
837 2013 1128 2100 l’enseignement
1155 2027 1189 2079 et
1217 2013 1343 2080 l’etude
1374 2015 1434 2080 des
1464 2026 1535 2080 arts
1566 2027 1598 2079 et
1629 2013 1728 2080 avoir
1755 2013 1918 2101 dispense
1950 2014 1998 2080 les

665 2132 808 2196 maltres
832 2131 1133 2217 d'entreprendre,
1156 2151 1248 2217 pour
1273 2129 1349 2196 leur
1375 2144 1515 2218 compte
1539 2130 1743 2217 personnel,
1766 2131 1828 2196 des
1851 2145 1999 2197 travaux

663 2267 755 2333 pour
770 2246 922 2332 lesquels
939 2246 982 2312 ils
1000 2247 1235 2333 manquaient
1250 2246 1421 2334 peut-erre
1437 2247 1479 2312 de
1498 2267 1697 2313 ressources
1714 2246 1899 2313 litteraires
1916 2268 1998 2314 sans

662 2363 762 2429 avoir
788 2365 820 2428 la
848 2363 1063 2450 perspective
1089 2363 1297 2429 d'atteindre
1323 2362 1453 2429 d'aussi
1481 2363 1571 2430 bons
1598 2363 1774 2429 resultats.
1805 2364 1852 2429 Le
1878 2364 1999 2431 succes

663 2477 941 2566 philosophique
973 2479 1132 2546 d'Albert
1160 2480 1283 2545 battait
1309 2500 1435 2546 encore
1467 2500 1531 2546 son
1561 2479 1670 2567 plein,
1702 2480 1881 2566 lorsqu'en
1917 2483 1997 2566 1267

650 2596 779 2683 ⁴Roger
797 2597 912 2662 Bacon
937 2616 1028 2662 nous
1044 2617 1064 2662 a
1081 2595 1191 2662 decrit
1208 2616 1246 2662 sa
1263 2595 1478 2683 suprematie
1501 2595 1715 2662 incontestee
1737 2617 1799 2662 sur
1816 2597 1864 2662 les
1885 2596 1998 2663 ecoles

662 2712 704 2777 de
728 2712 827 2778 Paris
844 2716 867 2776 ³.
896 2712 1115 2799 Cependant,
1140 2712 1160 2777 el
1183 2733 1221 2778 ce
1247 2725 1409 2778 moment
1433 2725 1466 2778 et
1493 2714 1607 2778 meme
1631 2712 1712 2798 plus
1736 2713 1800 2792 tot,
1825 2712 1998 2799 quelques

661 2828 744 2895 voix
770 2828 1013 2895 discordantes
1037 2826 1196 2894 s'etaient
1220 2826 1282 2893 fait
1305 2829 1475 2894 entendre
1499 2829 1588 2893 dans
1614 2829 1643 2893 le
1671 2830 1801 2894 monde
1825 2829 1886 2895 des
1911 2844 1995 2894 arts.

663 2944 785 3010 Albert
814 2945 907 3011 avait
938 2944 1058 3011 donne
1092 2965 1161 3010 une
1191 2943 1362 3010 direction
1393 2945 1412 3008 a
1441 2943 1689 3031 l'intelligence
1717 2944 1906 3011 d'Aristote
1935 2945 1996 3031 qui

664 3060 783 3126 n'etait
806 3081 868 3147 pas
892 3059 977 3127 celle
1000 3061 1221 3139 d'AverroeS,
1246 3074 1279 3126 et
1303 3061 1330 3125 si
1356 3060 1387 3125 le
1411 3059 1625 3147 philosophe
1649 3061 1691 3125 de
1715 3061 1878 3128 Cordoue
1904 3061 1997 3127 avait

662 3176 763 3263 peine
791 3177 811 3242 ei
841 3176 946 3242 lutter
973 3190 1095 3242 contre
1124 3176 1154 3242 le
1183 3175 1396 3263 philosophe
1424 3176 1466 3241 de
1495 3175 1653 3263 Cologne
1680 3176 1770 3242 dans
1796 3178 1856 3243 des
1884 3175 1997 3242 ecoles

662 3292 960 3360 essentiellement
983 3291 1220 3369 chretiennes,
1248 3313 1296 3357 un
1320 3291 1453 3358 certain
1481 3291 1630 3357 nombre
1654 3292 1817 3379 d'esprits
1841 3314 1876 3358 se
1902 3307 1997 3359 trou-

660 3411 783 3477 verent
803 3409 878 3495 qui,
900 3429 991 3496 pour
1011 3409 1071 3474 des
1091 3429 1213 3476 causes
1235 3408 1403 3488 diverses,
1427 3408 1651 3476 marcherent
1672 3408 1825 3474 derriere
1844 3408 1997 3475 Aristote

660 3526 680 3591 a
705 3526 737 3592 la
761 3526 851 3591 suite
874 3526 916 3591 de
942 3546 1006 3592 son
1034 3537 1320 3591 commentateur
1343 3526 1459 3591 arabe.
1489 3525 1535 3591 Ce
1562 3539 1643 3592 sont
1668 3546 1724 3591 ces
1750 3524 1995 3612 philosophes,

660 3641 1034 3708 vraisemblablement
1056 3662 1122 3728 peu
1146 3641 1358 3721 nombreux,
1386 3634 1476 3707 mais
1501 3641 1636 3708 resolus
1652 3654 1685 3707 et
1702 3641 1910 3720 audacieux,
1934 3641 1995 3728 qui

751 3919 760 3951 ¹
781 3919 928 3974 Naturalis
949 3918 1136 3990 philosophia
1159 3918 1320 3974 Aristotelis
1343 3935 1418 3989 quae
1438 3919 1485 3972 vix
1505 3935 1522 3973 a
1544 3918 1661 3988 triginta
1681 3918 1766 3973 annis
1791 3918 1819 3989 (il
1843 3918 1913 3973 ecrit
1937 3920 1997 3973 cela

661 4026 695 4064 en
720 4008 796 4080 1267)
818 4009 889 4063 lecta
909 4021 962 4073 est,
982 4021 1010 4063 er
1028 4024 1043 4061 a
1062 4008 1162 4079 paucis
1181 4007 1259 4072 viris,
1279 4016 1306 4062 et
1325 4025 1342 4061 α
1360 4008 1467 4079 quibus
1488 4008 1601 4078 scripta
1622 4025 1680 4061 non
1699 4015 1769 4062 stent
1781 4008 1880 4077 facto,
1900 4008 1996 4063 adhuc

662 4098 726 4153 sciri
742 4114 800 4152 non
817 4097 922 4168 poterit
936 4096 1014 4168 apud
1031 4097 1164 4166 vulgum.
1180 4097 1308 4161 charles
1323 4097 1428 4169 Roger
1440 4097 1551 4161 Bacon,
1568 4113 1595 4168 p.
1612 4096 1673 4167 376.

749 4186 759 4218 ¹
779 4187 945 4241 Saeculares
960 4203 976 4239 a
990 4186 1184 4257 quadraginta
1197 4186 1282 4240 annis
1301 4188 1488 4256 neglexerunt
1503 4186 1637 4241 studium
1651 4187 1814 4257 theologiae
1827 4200 1854 4242 et
1869 4188 1996 4258 philoso-

662 4277 745 4348 phiae
772 4276 936 4331 secundum
964 4292 1045 4330 veras
1068 4276 1127 4330 vias
1155 4275 1271 4330 illorum
1298 4275 1477 4341 studiorum,
1502 4275 1637 4347 occupati
1660 4276 1789 4347 appetitu
1814 4276 1994 4343 deliciarum,

660 4365 827 4421 divitiarum
848 4378 875 4420 et
894 4367 1053 4431 honorum,
1068 4377 1095 4419 et
1111 4365 1239 4436 corrupti
1259 4365 1355 4419 causis
1375 4365 1554 4434 ignorantiae
1573 4364 1748 4437 praedictis,
1770 4366 1808 4419 ita
1823 4365 1903 4435 quod
1923 4377 1996 4420 tota-

661 4453 723 4509 liter
736 4454 911 4509 dimiserunt
927 4454 987 4508 vias
1006 4454 1196 4525 antiquorum
1213 4453 1413 4524 sapientum...
1435 4456 1554 4525 Propter
1567 4453 1649 4531 quod
1668 4454 1772 4509 accidit
1789 4466 1821 4509 ut
1836 4455 1995 4510 saeculares

660 4544 884 4614 aquadraginta
903 4544 987 4598 annis
1007 4545 1122 4599 nullum
1142 4555 1374 4614 composuerunt
1390 4544 1418 4597 in
1435 4544 1581 4613 theologia
1601 4555 1768 4609 tractatum,
1789 4560 1840 4597 nec
1861 4555 1996 4614 reputant

661 4649 690 4688 se
704 4633 814 4703 aliquid
830 4649 915 4704 posse
929 4632 1010 4697 scire,
1027 4632 1082 4687 nisi
1098 4632 1259 4703 perdecem
1275 4649 1379 4697 annos,
1396 4634 1437 4686 vel
1452 4633 1590 4703 ampliuS,
1606 4631 1727 4686 audiant
1747 4648 1852 4702 pueros
1866 4632 1994 4687 duorum

661 4722 810 4777 ordinum.
829 4723 887 4776 Nec
906 4722 987 4777 aliter
1003 4734 1195 4793 praesumunt
1214 4723 1303 4791 legere
1321 4722 1489 4786 sententias,
1510 4737 1561 4775 nec
1577 4720 1702 4792 incipere
1723 4721 1750 4775 in
1771 4722 1925 4791 theologia,
1944 4738 1995 4776 nec

662 4828 750 4866 unam
780 4811 943 4875 lectionem,
971 4827 1023 4865 nec
1049 4811 1290 4883 disputationem,
1319 4827 1372 4864 nec
1398 4810 1652 4882 praedicationem,
1681 4810 1736 4864 nisi
1764 4827 1813 4881 per
1837 4822 1995 4881 quaternos

662 4916 819 4971 puerorum
839 4900 867 4954 in
884 4901 969 4955 dictis
988 4900 1160 4965 ordinibus;
1181 4900 1257 4955 sicut
1277 4899 1466 4955 manifestum
1486 4912 1529 4955 est
1549 4899 1689 4954 omnibus
1709 4898 1736 4952 in
1754 4899 1853 4955 studio
1870 4900 1994 4955 Parisios

660 5002 688 5045 et
711 4990 830 5060 ubique.
854 4988 905 5043 Fr.
930 4989 1045 5062 Rogeri
1067 4990 1178 5054 Bacon,
1202 4990 1298 5060 Opera
1322 4989 1465 5061 quaedum
1490 4988 1632 5043 hactenus
1655 4987 1779 5054 inedita,
1803 4988 1848 5043 ed.
1873 4989 1993 5055 Brewer,

662 5095 689 5150 p.
705 5078 814 5150 428·29.

750 5167 761 5199 ⁸
781 5167 851 5239 Voy.
870 5184 897 5239 p.
916 5184 990 5222 ertu.
