4880 6546
680 877 759 920 CCLll

680 1044 760 1124 cial,
793 1044 872 1131 puis
903 1065 1044 1111 comme
1074 1044 1306 1130 archeveque‚
1339 1064 1408 1109 une
1441 1042 1619 1109 influence
1650 1041 1936 1129 predominante.
1971 1043 2018 1108 Le

681 1160 848 1247 Chapitre
874 1160 1023 1227 General
1048 1160 1091 1226 de
1120 1160 1214 1245 1278,
1243 1173 1326 1224 tenu
1351 1161 1371 1225 a
1397 1158 1522 1238 Milan,
1552 1179 1700 1225 nomma
1723 1160 1816 1224 deux
1839 1158 2015 1244 delegues,

683 1277 873 1364 Raymond
894 1279 935 1343 de
957 1276 1129 1342 Meuillon
1150 1290 1183 1341 et
1200 1276 1285 1341 Jean
1304 1275 1526 1362 Vigouroux,
1549 1295 1639 1361 pour
1656 1274 1777 1341 visiter
1797 1275 1829 1340 la
1850 1274 2017 1361 province

681 1394 922 1480 d'hngleterre
952 1407 985 1459 et
1016 1392 1125 1479 punir
1155 1391 1375 1457 severement
1404 1391 1609 1477 quiconque
1639 1391 1755 1456 aurait
1788 1390 1943 1476 manque
1975 1391 2016 1455 de

683 1522 815 1595 respect
852 1530 923 1574 aux
960 1509 1138 1575 doctrines
1177 1509 1224 1573 du
1260 1506 1445 1573 venerable
1482 1508 1566 1572 Pere
1601 1506 1763 1572 Thomas
1800 1506 1957 1592 d’hquin
1991 1510 2014 1570 1.

682 1625 942 1712 L’archeveque
977 1626 1018 1690 de
1054 1623 1274 1710 Cantorbery
1309 1622 1428 1688 venait
1462 1623 1569 1688 d'etre
1604 1621 1809 1702 lui-meme,
1846 1622 2017 1709 quelques

684 1742 774 1807 mois
800 1741 879 1828 plus
903 1741 966 1820 tbt,
990 1761 1120 1827 promu
1144 1760 1188 1805 au
1213 1738 1409 1805 cardinalat
1431 1754 1464 1805 et
1488 1738 1610 1825 appele
1632 1739 1652 1804 a
1678 1738 1808 1804 resider
1832 1738 1850 1803 d
1875 1737 1908 1804 la
1930 1758 2018 1804 cour

684 1857 844 1924 romaine
861 1864 884 1936 ²,
913 1872 946 1923 et
974 1857 997 1921 il
1027 1870 1078 1922 est
1105 1855 1230 1921 visible
1258 1876 1326 1941 que
1356 1854 1493 1921 l'Ordre
1521 1854 1614 1919 avait
1642 1854 1674 1920 la
1705 1854 1801 1919 main
1829 1855 1919 1919 dans
1948 1874 2017 1919 une

682 1973 888 2060 promotion
918 1973 979 2058 qui
1010 1972 1133 2038 brisait
1161 1971 1193 2037 la
1223 1970 1411 2037 resistance
1439 1958 1492 2036 au⁸
1515 1983 1746 2037 mouvement
1776 1970 1945 2036 thomiste
1973 1990 2014 2036 en

683 2089 901 2177 Angleterre.
935 2090 1001 2154 Les
1031 2088 1218 2174 Chapitres
1248 2087 1499 2154 continuerent
1529 2086 1549 2152 d
1578 2085 1736 2152 affirmer
1769 2086 1845 2153 leur
1874 2085 2016 2153 volonte

682 2208 723 2273 de
747 2205 833 2272 faire
859 2219 1031 2292 respectes
1055 2205 1104 2270 les
1127 2204 1413 2291 enseignements
1437 2205 1478 2268 de
1502 2202 1664 2269 Thomas
1688 2203 1844 2289 d'Aquin
1869 2217 1901 2269 et
1925 2204 1945 2268 a
1969 2202 2018 2268 les

681 2342 855 2410 propaget
874 2320 1187 2408 vigoureusement
1204 2324 1227 2384 ³.

771 2438 800 2503 Α
835 2437 974 2504 l'action
1009 2438 1051 2503 de
1086 2435 1273 2514 l'autorite‚
1311 2436 1359 2502 les
1394 2435 1558 2522 disciples
1589 2436 1631 2501 de
1662 2435 1825 2502 Thomas
1859 2435 2016 2522 d'hquin

681 2556 879 2643 ajouterent
905 2554 990 2620 celle
1018 2554 1060 2618 de
1090 2552 1166 2619 leur
1193 2552 1332 2618 activite
1361 2550 1596 2637 scientifiquu,
1626 2565 1660 2617 et
1686 2551 1780 2618 alors
1807 2562 2018 2635 commenq'a

683 2671 715 2737 la
747 2670 965 2758 publication
998 2671 1039 2735 de
1069 2683 1156 2735 cette
1186 2668 1389 2734 abondante
1421 2666 1615 2733 litterature
1646 2667 1849 2754 polemique
1879 2667 1940 2754 qui
1974 2688 2017 2732 ne

682 2788 797 2854 devait
819 2787 900 2874 plus
925 2808 1040 2853 cesser
1062 2787 1104 2851 de
1129 2784 1330 2871 longtemps
1347 2788 1371 2848 4.
1399 2782 1553 2849 L'Ordre
1579 2805 1621 2850 ne
1644 2784 1712 2849 tint
1735 2805 1851 2851 aucun
1877 2797 2017 2869 compte

772 3074 779 3104 ¹
802 3071 989 3142 lnjungimus
1014 3070 1143 3126 districte
1168 3068 1246 3123 fratri
1274 3066 1451 3138 Raymundo
1473 3066 1509 3121 de
1534 3067 1713 3123 Medullione
1735 3080 1762 3123 et
1788 3068 1865 3123 lratri
1890 3069 2017 3123 Iohanni

683 3162 825 3233 Vigorosi‚
853 3161 951 3217 lectori
978 3158 1248 3231 Montispessulani,
1276 3156 1357 3227 quod
1382 3173 1450 3211 cum
1479 3156 1668 3213 festinacione
1692 3158 1800 3213 vadant
1826 3159 1854 3213 in
1880 3158 2015 3229 Angliam

682 3251 850 3323 inquisituri
869 3251 1021 3321 diligenter
1039 3264 1126 3320 super
1144 3249 1220 3302 sacto
1239 3246 1361 3301 fratrum
1380 3247 1442 3316 qui,
1463 3246 1491 3301 in
1511 3246 1684 3305 scandalum
1702 3246 1814 3302 ordinis
1832 3247 2018 3303 detraxerunt

682 3342 718 3395 de
736 3341 852 3412 scriptis
870 3338 1041 3394 venerabilis
1061 3338 1148 3409 patris
1169 3335 1264 3390 fratris
1279 3336 1396 3390 Thome
1414 3335 1449 3389 de
1467 3336 1604 3407 Aquin03
1625 3337 1735 3407 quibus
1751 3353 1784 3390 ex
1805 3353 1885 3393 nunc
1901 3339 2016 3409 plenam

682 3431 788 3486 damus
806 3430 1008 3486 auctoritatem
1031 3426 1172 3498 incapite
1192 3439 1220 3481 et
1240 3427 1269 3480 in
1288 3425 1438 3490 membris,
1458 3426 1509 3496 qui
1528 3442 1605 3496 quos
1623 3425 1783 3497 culpabiles
1804 3426 1966 3482 invenerint
1988 3427 2016 3481 in

683 3520 819 3592 predictis
837 3518 989 3590 puniendi,
1005 3529 1084 3572 extra
1103 3516 1282 3587 provinciam
1302 3515 1464 3581 emittendi,
1484 3527 1511 3571 et
1529 3516 1611 3570 omni
1630 3515 1728 3571 ollicio
1748 3515 1880 3587 privandi
1901 3518 2015 3587 plenam

683 3610 808 3664 habeant
824 3620 1006 3680 potestatem.
1024 3606 1112 3676 Quod
1129 3605 1151 3660 si
1168 3621 1246 3660 unus
1260 3620 1373 3670 eorum,
1389 3620 1458 3659 casu
1472 3604 1573 3675 aliquo
1589 3605 1728 3673 legitimo,
1745 3605 1830 3661 suerit
1846 3604 2016 3678 impeditus,

682 3700 752 3753 alter
763 3714 865 3754 eorum
881 3696 1092 3753 nichilominus
1105 3707 1274 3766 exequatur.
1290 3694 1406 3763 Quibus
1420 3694 1528 3765 priores
1541 3695 1577 3749 de
1592 3695 1678 3750 sociis
1691 3695 1927 3767 competentibus
1940 3711 2017 3765 quos

682 3788 737 3859 ipsi
751 3787 786 3841 ad
802 3790 858 3843 hoc
871 3787 1003 3842 officium
1018 3784 1223 3856 exequendum
1237 3783 1368 3855 ydoneos
1383 3783 1583 3849 iudicaverint,
1599 3796 1753 3840 teneantur
1765 3785 2018 3854 quandocumque

683 3877 813 3949 requisiti
827 3876 935 3933 fuerint
950 3875 1108 3948 providere.
1122 3876 1199 3928 Acta
1214 3873 1420 3944 Capitulorum
1437 3873 1640 3938 Generalium,
1654 3874 1700 3929 ed.
1716 3874 1857 3940 Reichert,
1874 3875 1895 3940 l,
1911 3891 1937 3945 p.
1957 3891 2014 3945 199.

772 3968 782 3999 ²
801 3967 872 4039 Voy.
891 3983 919 4037 p.
936 3982 1047 4032 cccxix,
1065 3981 1094 4020 n.
1112 3981 1137 4018 2.

771 4057 877 4110 ⁸Cum
905 4055 1076 4110 venerabilis
1104 4053 1146 4107 vir
1173 4052 1313 4107 memorie
1339 4052 1490 4107 recolende
1517 4053 1551 4106 lr.
1578 4053 1711 4108 Thomas
1736 4053 1772 4107 de
1799 4054 1934 4124 Aquin0‚
1963 4070 2017 4108 sua

683 4145 907 4201 conversacione
931 4144 1068 4199 laudabili
1091 4155 1118 4198 et
1141 4143 1256 4214 scriptis
1279 4142 1351 4209 suiS,
1376 4144 1504 4197 multum
1529 4143 1714 4198 honoraverit
1736 4143 1880 4209 ordinem,
1906 4160 1958 4198 nec
1980 4143 2017 4199 sit

682 4236 868 4306 aliquatenus
896 4233 1081 4290 tolerandum
1109 4232 1189 4303 quod
1216 4232 1251 4286 de
1278 4232 1341 4303 ipso
1367 4233 1410 4285 vel
1437 4232 1551 4303 scriptis
1577 4231 1639 4299 ejus
1665 4232 1755 4302 aliqui
1782 4232 1964 4287 irreverenter
1989 4245 2017 4287 et

683 4324 849 4379 indecenter
874 4324 1043 4394 loquantur,
1067 4322 1152 4377 etiam
1177 4321 1258 4376 aliter
1279 4321 1450 4385 sencientes,
1477 4320 1661 4391 injungimus
1685 4321 1830 4392 prioribus
1856 4322 2017 4394 provincia-

685 4414 761 4470 libus
787 4426 815 4468 et
844 4413 1089 4468 conventualibus
1115 4424 1142 4467 et
1168 4427 1269 4466 eorum
1295 4410 1407 4465 vicariis
1433 4426 1466 4465 ac
1492 4411 1689 4465 visitatoribus
1716 4411 1858 4466 universis
1884 4411 1965 4482 quod
1993 4412 2016 4466 si

683 4520 759 4574 quos
776 4503 937 4558 invenerint
952 4502 1122 4557 excedentes
1138 4501 1166 4555 in
1184 4500 1330 4571 predictis,
1346 4500 1449 4571 punire
1465 4516 1523 4554 non
1542 4512 1731 4571 postponant.
1747 4501 1882 4572 Chapitre
1896 4502 2015 4556 General

684 4594 719 4647 de
736 4592 823 4657 Paris,
841 4608 875 4647 en
896 4608 970 4663 ¹279·
987 4593 1074 4656 Acta,
1093 4607 1119 4661 p.
1138 4607 1198 4659 ²04·
1216 4591 1310 4661 Voyez
1325 4590 1414 4655 aussi,
1432 4605 1460 4660 p.
1477 4590 1547 4653 2353
1568 4589 1689 4658 Douais‚
1703 4589 1792 4644 Essai
1805 4607 1858 4644 sur
1873 4590 2017 4661 l'organi-

682 4681 780 4736 salian
797 4682 848 4735 des
862 4681 984 4745 illudes,
1001 4698 1028 4752 p.
1045 4698 1079 4751 97
1093 4692 1120 4735 et
1136 4679 1209 4734 suiv.
1225 4695 1231 4743 ;
1250 4679 1373 4743 Masetti,
1391 4678 1630 4733 Monumentum
1646 4679 1850 4750 antiquitates,
1869 4680 1890 4744 l,
1908 4696 1936 4751 p.
1958 4681 2013 4735 138.

772 4771 783 4802 ⁴
803 4772 878 4825 C’est
893 4770 967 4824 ainsi
983 4786 1041 4841 que
1056 4770 1143 4823 Gilles
1158 4769 1193 4823 de
1211 4769 1343 4823 Lessines
1360 4768 1459 4839 publia
1473 4784 1509 4822 au
1527 4770 1602 4823 mois
1617 4768 1652 4822 de
1672 4767 1764 4837 juillet
1783 4770 1848 4839 1278
1865 4785 1918 4824 son
1934 4770 2016 4824 traite

685 4877 736 4915 sur
756 4861 856 4914 l'unite
877 4860 927 4914 des
949 4859 1056 4914 sormes
1076 4859 1149 4913 dans
1171 4861 1194 4912 le
1215 4857 1328 4913 dessein
1350 4857 1502 4912 manifeste
1522 4857 1557 4911 de
1577 4857 1714 4911 defendre
1734 4858 1866 4913 Thomas
1887 4858 2014 4929 d’hquin

684 4962 784 5004 contre
803 4950 828 5003 la
846 4946 1075 5003 condamnation
1091 4947 1243 5002 d'Oxlord.
1266 4947 1286 5001 ll
1306 4963 1335 5001 se
1353 4958 1456 5003 trouve
1473 4949 1489 5000 a
1509 4947 1596 5011 Paris,
1617 4947 1690 5001 Bibl.
1710 4948 1775 5002 Nat.
1796 4949 1844 5002 lat.
1868 4947 1960 5019 15962,
1976 4951 2014 5002 ou

685 5039 702 5093 il
726 5050 769 5093 est
793 5039 911 5109 precede
934 5037 1004 5092 d’un
1028 5038 1109 5093 traite
1130 5037 1165 5091 de
1187 5036 1310 5091 Richard
1332 5037 1478 5107 Clapwell,
1504 5053 1543 5090 un
1566 5036 1749 5091 Dominicain
1773 5037 1892 5107 anglais,
1917 5037 1968 5108 qui
1992 5037 2015 5091 le

684 5144 826 5201 composa
840 5127 1141 5185 vraisemblablement
1154 5143 1217 5182 vers
1237 5127 1311 5195 1284,
1330 5128 1446 5197 lorsque
1462 5126 1487 5179 la
1503 5128 1574 5181 lutte
1590 5142 1791 5200 recommenca
1802 5143 1837 5180 en
1852 5128 2016 5195 Angleterre
