4880 6546
681 904 774 947 ccxtv
830 930 832 933 -

773 1073 798 1139 ll
825 1073 884 1162 n’y
904 1093 924 1138 a
945 1073 1038 1140 donc
1060 1094 1122 1160 pas
1145 1073 1164 1139 a
1190 1073 1241 1160 s'y
1267 1072 1499 1161 meprendre3
1523 1095 1561 1140 ce
1582 1094 1651 1160 que
1675 1072 1705 1140 le
1727 1074 1816 1161 parti
1838 1074 2016 1143 d'Alberic

681 1202 836 1276 attaque,
855 1210 892 1256 ce
914 1202 996 1255 sont
1017 1189 1065 1255 les
1087 1190 1306 1276 pretentions
1327 1204 1361 1255 et
1382 1189 1414 1256 la
1437 1189 1602 1256 methode
1624 1172 1920 1277 philosophiques
1940 1192 2016 1280 deja

682 1304 1150 1393 preconiseesparSiger13
1169 1318 1202 1370 et
1223 1305 1245 1369 il
1266 1318 1317 1370 est
1333 1305 1420 1372 clair
1436 1326 1505 1392 que
1526 1304 1575 1371 les
1594 1320 1721 1372 statuts
1737 1307 1864 1386 visent,
1883 1328 1965 1375 avec
1986 1308 2016 1373 le

683 1419 775 1501 chef,
799 1422 829 1487 la
853 1420 983 1487 faction
1004 1421 1065 1507 qui
1088 1420 1204 1486 l'avait
1224 1420 1320 1508 place
1340 1422 1360 1486 a
1380 1442 1417 1488 sa
1435 1421 1500 1487 tete
1521 1443 1662 1488 comme
1683 1421 1713 1488 le
1732 1423 2014 1509 porte-etendard

683 1539 725 1604 de
751 1559 804 1604 ses
831 1537 936 1603 idees.
964 1537 1061 1603 Cette
1089 1535 1352 1604 manifestation
1379 1537 1539 1604 officielle
1561 1538 1752 1625 equivalait
1772 1541 1792 1604 a
1814 1561 1884 1606 une
1905 1539 2016 1607 decla·

685 1654 798 1720 ration
823 1655 865 1719 de
890 1674 1036 1740 guerre3
1064 1667 1097 1719 et
1122 1653 1186 1719 elle
1212 1653 1380 1733 accusait,
1406 1675 1475 1719 aux
1499 1675 1592 1741 yeux
1615 1655 1657 1720 de
1684 1669 1777 1735 tous,
1804 1655 1835 1721 la
1861 1656 2014 1743 position

683 1773 725 1836 de
743 1770 823 1856 plus
848 1790 892 1835 en
918 1769 998 1855 plus
1025 1767 1141 1835 fausse
1168 1770 1211 1835 de
1242 1769 1342 1855 Sigei·
1369 1783 1402 1835 et
1429 1771 1471 1835 de
1498 1791 1552 1835 ses
1579 1770 1755 1856 partisans
1778 1772 1797 1836 a
1823 1772 1951 1858 l'egard
1975 1775 2016 1839 de

684 1885 859 1952 l’autorite
882 1884 1157 1972 ecclesiastique.

773 2003 827 2068 Au
849 2014 965 2088 temps
983 2002 1099 2066 meme
1116 2005 1162 2068 οὺ
1185 2001 1218 2067 la
1240 1999 1368 2067 faculte
1384 2003 1445 2067 des
1465 2015 1538 2067 arts
1554 2001 1637 2068 etait
1654 2003 1832 2070 travaillee
1851 2024 1915 2091 par
1931 2019 2017 2072 cette

683 2118 836 2184 division
859 2116 1046 2205 profonda,
1068 2116 1296 2183 l'Universite
1316 2117 1447 2184 entiere
1470 2116 1523 2183 fut
1542 2117 1686 2185 atteinte
1706 2119 1792 2184 d'un
1814 2134 1914 2186 autre
1933 2120 2015 2187 mal.

685 2235 760 2302 Elle
785 2248 885 2301 entra
913 2255 957 2300 en
986 2233 1123 2312 conflit,
1151 2254 1234 2299 sans
1259 2234 1368 2321 qu'on
1397 2233 1503 2300 sache
1528 2255 1573 2300 au
1599 2235 1689 2322 juste
1717 2235 1909 2322 pourquoi,
1936 2257 2018 2303 avec

685 2352 840 2437 leveque
870 2350 912 2416 de
944 2349 1056 2429 Paris,
1088 2349 1236 2416 Etienne
1263 2349 1445 2436 Tempier.
1479 2350 1654 2416 Peut-etre
1684 2350 1947 2418 l'intervention
1976 2354 2018 2418 de

685 2468 840 2553 l'eveque
865 2465 1029 2532 etait-elle
1056 2487 1126 2532 une
1151 2466 1396 2553 consequence
1421 2467 1481 2532 des
1507 2466 1664 2533 troubles
1681 2469 1723 2533 de
1750 2468 1781 2533 la
1808 2466 1935 2534 faculte
1958 2469 2019 2535 des

685 2599 769 2651 arts.
793 2582 999 2649 S'estimant
1020 2581 1162 2649 victime
1186 2583 1246 2648 des
1271 2580 1410 2648 melaits
1431 2583 1472 2648 de
1496 2582 1650 2669 leveque
1671 2604 1717 2650 ou
1742 2584 1784 2649 de
1808 2605 1862 2650 ses
1882 2599 2017 2672 agents,

686 2699 931 2777 1’Universite‚
963 2719 1055 2786 pour
1083 2698 1224 2765 obtenir
1251 2696 1488 2778 satisfaction,
1521 2700 1707 2786 suspendit
1737 2713 1817 2767 tous
1849 2700 1896 2766 les
1926 2714 2019 2767 actes

685 2830 718 2883 et
743 2815 915 2883 exercices
942 2815 1119 2882 scolaires.
1148 2815 1211 2882 Cet
1236 2815 1306 2880 etat
1331 2815 1373 2881 de
1399 2815 1523 2882 choses
1552 2816 1641 2882 dura
1669 2817 1794 2903 depuis
1823 2816 1853 2882 le
1881 2817 2019 2884 careme

684 2932 825 3021 jusqu'a
857 2931 890 2997 la
921 2929 986 2998 lete
1016 2933 1059 2997 de
1090 2932 1183 2997 saint
1213 2930 1495 3017 leun-Baptiste,
1530 2952 1573 3016 24
1603 2932 1679 3017 juin
1718 2954 1812 3018 1272.
1847 2933 2019 3020 L’eveque

685 3062 793 3135 ayant
813 3047 907 3114 alors
928 3047 1060 3126 donne,
1083 3046 1301 3126 semble-t-il,
1325 3048 1367 3112 de
1391 3048 1527 3114 bonnes
1549 3047 1687 3134 paroles
1708 3062 1741 3113 et
1763 3048 1825 3114 fait
1848 3048 2020 3136 quelques

687 3185 904 3252 promesses,
946 3163 995 3229 les
1033 3162 1178 3230 facultas
1211 3163 1386 3250 reprirent
1422 3163 1498 3229 leur
1534 3163 1813 3250 enseignement.
1849 3164 1950 3231 Seule
1988 3165 2019 3231 la

686 3471 744 3516 tate
767 3472 795 3515 et
820 3458 1021 3513 lncarnatione
1049 3457 1148 3528 sicque
1175 3455 1211 3511 de
1237 3456 1441 3512 consimilibus
1464 3457 1619 3523 omnibus,
1646 3456 1838 3513 determinare
1860 3475 1910 3514 seu
1933 3459 2018 3515 etiam

687 3548 835 3620 disputare
851 3558 1010 3619 presumat,
1027 3558 1168 3617 tanquam
1189 3546 1244 3601 sibi
1264 3546 1473 3612 determinatos
1493 3547 1599 3602 limites
1619 3548 1843 3617 transgrediens,
1860 3565 1929 3603 cum
1945 3550 2021 3605 sicut

687 3637 757 3693 dicit
773 3638 968 3710 philosophus
985 3652 1043 3690 non
1059 3647 1236 3706 geometram
1253 3652 1321 3690 cum
1341 3648 1487 3706 geometra
1505 3636 1542 3691 sit
1561 3637 1677 3708 penitus
1697 3638 1906 3692 inconveniens
1921 3637 2021 3710 dispu-

688 3741 756 3784 tare.
778 3726 865 3796 Quod
888 3726 910 3781 si
933 3725 1152 3797 presumpserit,
1174 3725 1229 3779 nisi
1252 3725 1326 3779 inira
1347 3737 1403 3781 tres
1423 3725 1485 3780 dies
1504 3737 1662 3797 postquam
1683 3743 1699 3781 a
1720 3727 1805 3781 nobis
1826 3728 1957 3782 monitus
1977 3728 2020 3782 vel

687 3816 845 3887 requisitus
867 3816 952 3871 fuerit
973 3831 1055 3870 suam
1079 3815 1330 3886 presumptionem
1352 3815 1379 3869 in
1401 3815 1487 3870 scolis
1503 3815 1546 3870 vel
1568 3815 1595 3870 in
1612 3815 1863 3887 disputationibus
1884 3815 2019 3888 publicis,

689 3906 738 3961 ubi
760 3905 841 3977 prius
861 3905 969 3959 dictam
992 3903 1176 3974 questionem
1199 3904 1400 3975 disputaverit,
1423 3920 1555 3959 revocare
1577 3905 1692 3975 publice
1706 3905 1838 3971 voluerit,
1860 3922 1893 3959 ex
1915 3917 2021 3962 tunca

687 4007 786 4050 nostra
805 3994 941 4049 societate
960 4005 1099 4064 perpetuo
1118 3993 1155 4048 sit
1174 3993 1314 4064 privatus.
1334 3994 1499 4049 Statuimus
1520 3994 1639 4066 insuper
1659 4006 1687 4049 et
1703 3994 1875 4050 ordinamus
1895 3995 1976 4065 quod
1997 3995 2020 4050 si

687 4084 872 4155 questionem
904 4083 1049 4153 aliquam,
1080 4099 1138 4153 que
1168 4083 1254 4137 iidem
1281 4083 1413 4138 videatur
1443 4084 1582 4153 attingere
1611 4084 1759 4154 simulque
1790 4084 2019 4156 philosophiam,

686 4173 793 4228 alicubi
817 4171 1009 4243 disputaverit
1031 4172 1166 4237 Parisius,
1191 4173 1213 4227 si
1237 4172 1314 4227 illam
1336 4185 1437 4228 contra
1458 4172 1544 4227 fidem
1566 4174 1811 4239 determinaverit,
1834 4190 1868 4228 ex
1891 4186 1962 4229 tunc
1985 4175 2021 4228 ab

686 4262 786 4316 eadem
814 4276 913 4316 nostra
937 4261 1074 4316 societate
1102 4273 1242 4332 tanquam
1271 4263 1415 4317 hereticus
1443 4275 1583 4334 perpetuo
1610 4262 1647 4318 sit
1675 4263 1819 4334 privatus,
1849 4263 1903 4318 nisi
1932 4278 2020 4318 suum

687 4367 812 4406 errorem
838 4366 982 4420 suamque
1009 4350 1131 4405 heresim
1159 4351 1233 4405 inira
1257 4363 1313 4406 tres
1336 4351 1397 4407 dies
1421 4364 1487 4423 post
1510 4352 1704 4407 monitionem
1728 4366 1858 4408 nostram
1886 4353 1914 4406 in
1938 4354 2022 4423 plena

687 4441 924 4510 congregratione
938 4441 980 4494 vel
996 4440 1075 4505 alibi,
1092 4440 1141 4495 ubi
1157 4441 1242 4495 nobis
1256 4441 1401 4496 videbitur
1414 4441 1556 4513 expedire,
1571 4458 1703 4497 revocare
1717 4442 1858 4497 curaverit
1873 4441 2022 4497 humiliter

688 4542 715 4585 et
733 4529 845 4584 devote.
865 4528 1100 4601 Superaddentes
1120 4530 1224 4586 iterum
1244 4530 1324 4601 quod
1345 4531 1367 4585 si
1387 4531 1523 4600 magister
1538 4533 1580 4585 vel
1598 4532 1788 4587 bachellarius
1803 4532 1908 4603 aliquis
1925 4543 2022 4586 nostre

690 4619 834 4674 facultatis
856 4635 960 4690 passus
980 4619 1095 4689 aliquos
1116 4619 1249 4673 difficiles
1269 4621 1311 4674 vel
1333 4621 1446 4691 aliquas
1465 4622 1631 4690 questiones
1652 4624 1726 4692 legat
1744 4624 1786 4678 vel
1805 4624 1944 4695 disputet,
1964 4641 2022 4695 que

689 4709 776 4763 fidem
800 4707 953 4764 videantur
976 4708 1144 4773 dissolvere,
1168 4710 1353 4779 aliquatenus
1375 4710 1522 4765 videatur:
1549 4711 1674 4766 rationes
1699 4725 1796 4767 autem
1822 4730 1871 4769 seu
1897 4727 2019 4781 textum,

689 4799 711 4853 si
735 4815 792 4868 que
814 4810 916 4853 contra
939 4798 1036 4863 fidem,
1061 4798 1202 4853 dissolvat
1224 4800 1266 4852 vel
1290 4799 1375 4854 etiam
1399 4800 1484 4854 falsas
1504 4800 1674 4871 simpliciter
1693 4815 1720 4856 et
1740 4819 1874 4857 erroneas
1896 4804 2022 4859 totaliter

689 4904 750 4942 esse
767 4886 918 4951 concedat,
938 4899 964 4941 et
982 4888 1062 4942 aliter
1080 4886 1252 4955 hujusmodi
1272 4888 1458 4944 difficultates
1476 4890 1520 4943 vel
1540 4889 1567 4943 in
1587 4902 1667 4945 textu
1687 4893 1730 4945 vel
1751 4891 1779 4946 in
1798 4894 2021 4950 auctoritatibus

689 4977 838 5047 disputare
852 4977 893 5030 vel
909 4978 999 5045 legere
1013 4992 1072 5030 non
1089 4989 1247 5048 presumat,
1263 4976 1312 5032 sed
1328 4979 1380 5032 hec
1395 4978 1519 5033 totaliter
1532 4990 1673 5053 tanquam
1688 4996 1806 5037 erronea
1820 4983 2020 5053 pretermittat.

691 5065 793 5120 Clrart.
815 5065 901 5119 tfniv.
919 5065 1030 5131 Puris,
1048 5065 1069 5130 l,
1087 5083 1115 5137 p.
1131 5084 1193 5139 499.

779 5155 788 5191 ¹
808 5156 880 5231 Voy.
899 5171 925 5226 p.
943 5171 1026 5211 cuxrx
1041 5167 1068 5214 et
1083 5155 1158 5212 suiv.
