4872 6552
946 874 1149 961 ..45-

461 1065 513 1128 nd
538 1065 718 1129 secundum
745 1066 907 1129 obiectum
930 1065 1105 1129 dicendum
1130 1064 1231 1149 quod,
1255 1085 1330 1128 cum
1358 1084 1446 1129 cesar
1470 1085 1536 1128 non
1560 1066 1601 1129 sit
1628 1062 1713 1129 idem

382 1191 456 1235 curn
479 1172 640 1236 intellectu
660 1174 787 1248 cesaris,
803 1172 910 1236 differt
929 1192 1016 1236 cesar
1029 1173 1071 1236 ab
1091 1174 1160 1236 eius
1180 1172 1355 1236 intellectu.
1377 1172 1439 1236 Sed
1461 1172 1522 1235 hoc
1541 1187 1588 1235 est
1603 1193 1715 1236 secun-

382 1279 462 1343 dum
484 1281 645 1343 racionem
667 1293 808 1356 tantum,
825 1294 860 1343 ut
876 1281 965 1363 prius
982 1281 1088 1343 uisum
1105 1294 1172 1356 est3
1194 1300 1252 1343 nec
1271 1280 1430 1362 oportebit
1445 1281 1470 1342 si
1486 1299 1574 1343 cesar
1588 1280 1715 1344 differat

381 1388 423 1451 ab
440 1387 600 1451 intellectu
620 1390 748 1464 cesaris,
765 1388 853 1471 quod
868 1388 923 1452 illa
938 1390 1007 1451 eius
1021 1387 1174 1452 differens
1193 1389 1309 1452 entitas
1323 1389 1439 1451 cesaris
1454 1389 1495 1451 sit
1511 1408 1565 1471 per
1579 1389 1716 1451 existen-

382 1498 520 1560 tentiam
543 1496 576 1558 in
598 1516 702 1560 rerum
727 1510 840 1560 natura
858 1509 888 1560 et
907 1509 994 1559 extra
1014 1497 1173 1571 animam,
1195 1496 1249 1560 sed
1265 1500 1315 1579 Jest
1335 1495 1514 1559 secundum
1539 1497 1714 1587 racionem,
1746 1512 1759 1556 5

383 1618 419 1667 ut
434 1604 522 1687 prius
538 1605 646 1666 uisum
663 1616 721 1667 est.
740 1603 778 1666 Et
794 1623 848 1686 per
863 1603 923 1666 hoc
937 1604 1127 1668 dissoluitur
1143 1604 1223 1667 illud
1239 1604 1326 1687 quod
1342 1602 1464 1667 solebat
1478 1623 1547 1666 esse
1561 1604 1716 1665 anxioma

382 1709 513 1774 difficile
541 1711 740 1793 quibusdam
770 1711 940 1792 sophistis,
970 1725 1079 1774 utrum
1109 1710 1272 1788 videlicet,
1301 1731 1389 1774 cesar
1420 1724 1501 1774 esset
1536 1709 1715 1773 intellectus

382 1819 507 1882 cesaris.
535 1818 693 1881 Raciones
725 1819 813 1881 enim
843 1817 995 1882 facientes
1021 1818 1081 1881 hoc
1107 1819 1233 1882 credere
1258 1831 1339 1882 tacte
1364 1819 1498 1881 suntin
1524 1831 1716 1900 argumento

383 1939 414 1989 et
433 1926 497 1988 iam
519 1925 685 1989 dissolute.
709 1925 866 1989 Raciones
886 1940 993 1990 autem
1011 1945 1123 1989 verum
1144 1925 1388 1989 manifestantes
1407 1938 1438 1988 et
1458 1925 1642 1988 soluciones
1663 1923 1716 1987 ille

383 2034 484 2096 eciam
502 2034 565 2096 iam
584 2034 685 2116 posite
700 2046 786 2097 sunt.
1224 2107 1227 2113 ,
1749 2062 1778 2093 ιο

464 2249 522 2331 [Le
548 2268 606 2311 ms.
635 2268 673 2311 ne
697 2248 841 2311 contient
857 2267 921 2331 pas
948 2247 980 2310 la
1006 2248 1139 2311 seconde
1163 2256 1196 2310 et
1221 2247 1252 2310 la
1280 2247 1444 2310 tror'sieme
1468 2248 1523 2310 des
1549 2247 1715 2331 questions

378 2355 580 2440 propones]
