4892 6540
1248 858 1452 921 ..30-

684 1046 791 1121 tlales‚
824 1062 857 1110 ει
888 1046 958 1110 loca
992 1047 1156 1110 bonorum
1190 1050 1276 1110 intra
1312 1047 1497 1109 lucentibus
1530 1048 1670 1128 gemmis
1703 1046 1872 1109 adornata.
1906 1046 2015 1126 Quem

681 1155 863 1217 admodum
884 1156 988 1218 eciam
1009 1157 1157 1218 imitatus
1174 1170 1223 1217 εει
1240 1174 1335 1237 ysaac
1355 1157 1389 1217 in
1414 1156 1498 1217 libro
1517 1155 1559 1217 de
1575 1154 1848 1230 diffinicionibus,
1868 1170 1900 1217 ει
1918 1154 2015 1217 multi

683 1276 850 1345 poetarum
879 1264 977 1325 etiam
1004 1263 1082 1326 talia
1109 1262 1179 1325 loca
1204 1276 1417 1325 cantaverunt
1443 1276 1542 1324 cantu
1568 1262 1796 1344 philosophico
1819 1264 1877 1344 qui
1904 1261 2016 1323 fabula

681 1386 826 1432 vocatur.
850 1369 968 1432 Dicant
987 1390 1064 1452 ergo
1085 1372 1135 1432 isti
1160 1371 1186 1432 si
1208 1371 1321 1432 anima
1344 1369 1516 1432 racionalis
1535 1369 1660 1451 aliquid
1685 1370 1806 1451 patitur
1827 1371 1860 1430 in
1881 1388 2017 1451 corpore

639 1492 653 1535 s
681 1477 734 1539 uel
755 1497 835 1541 non.
858 1477 897 1540 Ει
915 1479 942 1540 si
961 1478 1095 1559 quidem
1119 1497 1186 1539 non
1209 1479 1341 1560 patitur,
1360 1492 1441 1540 tunc
1462 1479 1591 1560 penitus
1611 1492 1660 1539 est
1681 1475 1893 1558 impassibilis
1913 1477 2017 1540 homo

680 1583 785 1646 dolori
808 1589 832 1659 ¹,
855 1605 931 1647 curn
954 1600 1064 1647 tamen
1088 1584 1183 1647 dolor
1205 1586 1246 1647 sit
1269 1585 1401 1666 spiritus
1423 1585 1576 1646 contrarii
1599 1583 1821 1646 dissoluentis.
1845 1583 1880 1646 Si
1904 1600 2015 1647 autem

681 1694 812 1773 patitur,
827 1706 955 1755 constat
968 1693 1057 1775 quod
1071 1712 1204 1775 corpore
1217 1692 1379 1774 affligente
1399 1694 1530 1774 patitur.
1546 1690 1633 1754 Cum
1647 1711 1724 1773 ergo
1737 1693 1780 1754 sit
1792 1706 1882 1754 entra
1895 1711 2016 1774 corpus

679 1801 825 1863 eiusdem
851 1816 965 1863 nature
986 1803 1081 1863 cuius
1103 1816 1151 1863 εει
1175 1802 1208 1862 in
1231 1820 1375 1883 corpore,
1399 1815 1525 1863 constat
1546 1800 1635 1883 quod
1658 1801 1760 1862 eciam
1784 1816 1874 1861 extra
1895 1819 2016 1881 corpus

679 1908 842 1990 affligente
860 1928 1015 1990 corporeo
1034 1923 1137 1990 potest
1151 1910 1229 1990 pati.
1244 1908 1278 1971 Si
1295 1907 1376 1971 sorte
1389 1909 1475 1970 dicat
1489 1907 1577 1991 quod
1591 1909 1703 1969 anima
1719 1908 1753 1968 in
1767 1926 1902 1989 oorpore
1916 1906 2016 1969 habet

623 2042 652 2072 ιο
678 2018 893 2090 contrarium,
919 2016 974 2077 sed
1002 2036 1069 2078 non
1095 2031 1190 2078 exuta
1215 2035 1361 2098 corpore,
1388 2015 1474 2078 istud
1501 2015 1683 2078 secundum
1709 2034 1844 2078 omnem
1873 2014 2016 2096 philoso

680 2123 791 2205 phiam
812 2143 925 2187 rerum
947 2143 1014 2185 non
1035 2138 1094 2186 est.
1114 2124 1201 2203 Quia
1220 2125 1254 2185 in
1275 2124 1483 2206 philosophia
1496 2123 1747 2185 determinatum
1767 2122 1918 2204 estquod
1939 2120 2015 2183 finis

679 2231 898 2311 prosperitatis
923 2230 1035 2291 anime
1059 2242 1214 2311 separate,
1237 2249 1302 2311 que
1325 2244 1374 2291 εει
1397 2229 1513 2291 ultima
1539 2228 1685 2303 felicitas,
1708 2244 1757 2292 εει
1780 2231 1813 2290 in
1839 2229 1902 2290 hoc
1924 2229 2013 2312 quod

677 2337 893 2417 cuniungitur
908 2338 1016 2418 primo
1030 2339 1160 2400 moturi.
1176 2337 1314 2400 Constat
1327 2352 1435 2399 autem
1451 2337 1540 2420 quod
1555 2336 1737 2398 secundum
1752 2356 1869 2400 omnes
1886 2352 2015 2419 sroycos

679 2457 845 2525 peccatum
870 2458 918 2506 εει
940 2444 1029 2527 quod
1051 2464 1072 2506 a
1095 2445 1202 2526 primo
1229 2458 1353 2506 motore
1374 2445 1544 2526 disiungit,
1567 2459 1599 2506 ει
1624 2444 1686 2507 hoc
1710 2446 1940 2507 coniunccioni
1965 2460 2015 2508 εει

621 2566 650 2609 ιε
677 2552 891 2612 contrarium.
921 2550 1027 2613 Habet
1052 2552 1150 2632 igitur
1173 2552 1286 2614 anima
1311 2566 1408 2613 exuta
1430 2550 1557 2633 aliquid
1581 2554 1795 2614 contrarium.
1822 2552 1913 2615 Sicut
1937 2573 2015 2634 ergo

676 2656 764 2719 dolet
778 2657 819 2720 de
832 2659 995 2721 contrario
1010 2660 1044 2720 in
1058 2678 1204 2741 corpore,
1221 2660 1264 2721 ita
1277 2659 1366 2722 dolet
1378 2659 1418 2721 de
1431 2660 1594 2722 eontrario
1611 2674 1700 2721 extra
1714 2678 1844 2742 corpus.

758 2765 876 2827 Adhuc
898 2780 1006 2828 autem
1032 2766 1160 2848 probari
1189 2780 1293 2848 potest
1314 2766 1403 2849 quod
1427 2767 1541 2829 anima
1565 2785 1632 2828 non
1656 2766 1763 2828 doleat
1785 2765 1826 2828 de
1850 2767 2014 2847 affligente

676 2871 896 2954 corporaliter,
919 2874 997 2955 quia
1023 2872 1086 2935 hoc
1108 2886 1156 2936 εει
1180 2887 1291 2936 contra
1317 2893 1474 2935 sensuum
1500 2874 1772 2955 experimentum.
1796 2873 2015 2956 Ap[216'pre·

678 2979 794 3042 hensio
820 2994 929 3042 autem
958 2981 1131 3062 affligentis
1156 2994 1192 3042 ut
1216 2981 1390 3063 affligentis
1418 2979 1493 3043 lacit
1521 2981 1686 3043 internum
1716 2982 1827 3043 anime
1851 2980 2012 3043 dolorem.

617 3114 650 3145 ιο
679 3085 763 3167 Ergo
782 3102 814 3149 ει
833 3086 1051 3169 apprehensio
1071 3087 1244 3168 affligentis
1264 3102 1353 3150 extra
1372 3106 1490 3170 corpus
1512 3086 1587 3150 lacit
1609 3088 1774 3149 internum
1795 3089 1900 3150 animi
1922 3087 2014 3151 dolo

678 3212 758 3256 rem.
779 3193 852 3273 Que
865 3208 914 3256 εει
927 3213 1002 3276 ergo
1016 3213 1113 3257 causa
1127 3176 1215 3277 quod
1231 3195 1357 3258 dicatur
1370 3195 1459 3278 quod
1478 3210 1574 3257 exuta
1589 3214 1655 3257 non
1670 3195 1779 3258 doleat
1791 3194 1832 3258 de
1849 3196 2014 3278 affligente

676 3320 844 3383 corporeo.
866 3300 905 3364 Ει
923 3302 985 3364 hoc
1004 3301 1159 3383 estquod
1182 3302 1261 3365 dicit
1283 3302 1469 3385 Gregorius,
1488 3302 1577 3386 quod
1600 3302 1662 3365 hoc
1679 3317 1728 3365 εει
1747 3305 1781 3364 in
1807 3304 1881 3384 igne
1902 3303 2014 3366 ardere

676 3407 765 3492 quod
782 3409 890 3490 ignem
907 3408 1027 3483 videre,
1043 3408 1107 3471 hoc
1119 3424 1167 3472 εει
1182 3423 1218 3471 ut
1230 3409 1379 3491 affligens
1392 3409 1645 3492 apprehendere.

757 3516 792 3579 Si
806 3530 916 3579 autem
932 3517 1038 3578 dicere
1052 3515 1130 3580 velit
1143 3517 1232 3599 quod
1244 3517 1409 3600 corporale
1423 3517 1463 3579 ad
1478 3516 1623 3580 dolorem
1644 3517 1820 3580 animalem
1836 3537 1929 3600 agere
1943 3537 2011 3581 non

616 3637 648 3681 25
678 3637 792 3706 potest,
813 3623 876 3686 hoc
895 3625 1025 3707 penitus
1043 3623 1223 3686 absurdum
1242 3638 1291 3687 est
1308 3625 1385 3706 quia
1406 3625 1438 3686 in
1458 3624 1564 3687 calore
1585 3624 1724 3687 naturali
1739 3626 1796 3707 qui
1819 3626 1933 3706 igneus
1951 3638 2011 3700 est,

676 3731 827 3793 videmus
853 3731 1002 3793 acciones
1028 3730 1070 3792 ad
1098 3751 1233 3794 sensum
1261 3732 1372 3794 anime
1397 3731 1441 3793 ob
1465 3730 1656 3794 delectando
1680 3748 1712 3796 et
1735 3731 1907 3806 tristand0‚
1933 3733 2011 3815 quia

675 3839 831 3921 quamuis
854 3839 895 3900 sit
919 3838 1033 3919 igneus
1058 3836 1132 3900 talis
1156 3837 1255 3912 calor,
1279 3851 1389 3900 tamen
1413 3837 1455 3900 ab
1476 3839 1589 3901 anima
1615 3837 1812 3901 informatus
1833 3852 1865 3901 et
1889 3852 2011 3913 motus,

675 3943 716 4006 ad
731 3945 842 4006 anime
855 3945 920 4025 agit
938 3945 1145 4026 operaciones
1159 3958 1190 4007 et
1205 3944 1381 4025 passiones.
1402 3943 1490 4023 Quid
1509 3964 1584 4026 ergo
1603 3944 1753 4027 prohibet
1772 3947 1880 4028 ignem
1898 3965 2013 4028 corpo

676 4070 766 4113 reum
787 4070 806 4112 a
826 4051 933 4132 primo
955 4065 1079 4114 motore
1099 4052 1167 4113 vim
1189 4052 1330 4132 accipere
1352 4052 1386 4113 in
1408 4066 1569 4133 quantum
1591 4066 1639 4114 est
1661 4053 1916 4116 instmmentum
1940 4054 2011 4115 eius

616 4174 649 4216 ιο
674 4159 764 4241 quod
783 4160 849 4240 agit
863 4160 896 4220 in
911 4160 1072 4233 animam,
1087 4158 1221 4220 animali
1237 4172 1268 4220 et
1282 4178 1350 4221 non
1369 4158 1525 4240 corporali
1545 4160 1676 4222 accione
1691 4159 1742 4222 uel
1762 4161 1923 4243 passione.
1945 4160 2011 4222 Nec

675 4264 800 4347 aliquid
819 4266 935 4327 talium
955 4279 1003 4328 est
1020 4279 1132 4328 contra
1153 4265 1394 4349 philosophiam
1417 4280 1601 4348 stoycorum
1624 4267 1675 4329 uel
1697 4268 1798 4330 eciam
1822 4269 2011 4351 perypateti·

675 4392 802 4446 corum,
822 4372 878 4435 sed
897 4373 973 4435 talia
992 4392 1031 4437 ex
1051 4373 1249 4455 ignoranda,
1268 4385 1325 4436 aut
1343 4387 1426 4436 certe
1444 4392 1483 4435 ex
1502 4373 1579 4436 odio
1599 4373 1672 4437 fidei
1694 4375 1885 4456 procedunt,
1906 4376 2010 4458 magis

675 4498 776 4562 quam
791 4499 830 4543 ex
845 4480 979 4563 probata
994 4481 1135 4544 veritate.

760 4732 767 4762 ¹
786 4731 832 4785 ,lls
847 4747 854 4785 :
870 4730 989 4785 doloris.
