4880 6546
689 873 746 916 cet

688 1041 866 1108 conduite.
898 1042 951 1106 En
981 1040 1153 1129 politique
1185 1041 1315 1121 habile,
1346 1041 1502 1128 leveque
1529 1043 1572 1108 de
1601 1040 1699 1108 Paris
1727 1061 1857 1129 songea
1886 1042 1907 1108 a
1938 1040 2023 1109 faire

687 1156 857 1244 prohibet
873 1157 963 1224 dans
983 1157 1015 1224 la
1036 1157 1147 1224 limite
1164 1158 1207 1224 de
1227 1178 1265 1224 sa
1284 1157 1492 1244 juridiction
1513 1158 1562 1224 les
1579 1157 1819 1244 propositions
1837 1156 2019 1225 d’Oxford.

689 1274 715 1340 ll
738 1273 866 1340 n’avait
886 1273 958 1354 ose,
980 1274 1010 1340 le
1031 1297 1050 1360 7
1072 1295 1181 1353 mars,
1203 1273 1346 1361 frapper
1369 1274 1755 1341 d'excommunication
1777 1274 1826 1341 les
1844 1275 2023 1342 doctrines

688 1404 766 1478 trop
797 1389 936 1456 averees
967 1391 1010 1456 de
1041 1391 1205 1458 Thomas
1236 1389 1405 1477 d'llquio.
1437 1389 1661 1456 Maintenant
1690 1410 1760 1477 que
1791 1390 1824 1455 la
1853 1392 2022 1457 condam-

689 1507 810 1574 nation
839 1506 888 1573 lui
917 1506 1073 1574 revenait
1098 1506 1270 1573 souscrite
1299 1526 1362 1593 par
1388 1527 1437 1571 un
1466 1505 1694 1572 Dominicain
1724 1507 1860 1573 devenu
1890 1506 2022 1594 primat

687 1622 941 1710 d'Angle'terre,
972 1622 995 1688 il
1025 1622 1170 1709 pouvait
1196 1621 1276 1710 plus
1302 1621 1565 1708 impunement,
1595 1620 1785 1708 pensait-il,
1815 1621 2019 1689 l’endosset.

689 1739 715 1805 ll
737 1739 975 1823 commencait
995 1739 1015 1804 al
1038 1752 1163 1806 mettre
1185 1759 1227 1804 en
1252 1750 1483 1805 mouvement
1504 1737 1553 1805 les
1573 1737 1779 1805 conseillers
1799 1737 1861 1825 qui
1883 1739 2023 1805 avaient

686 1854 825 1922 elabore
851 1854 883 1920 la
908 1854 985 1921 liste
1005 1856 1051 1921 du
1074 1876 1093 1941 7
1116 1875 1224 1934 marS,
1246 1854 1456 1921 c'est-adire
1480 1854 1529 1921 les
1550 1854 1694 1921 maltres
1713 1854 1756 1921 de
1780 1854 1812 1921 la
1833 1852 1960 1921 iaculte
1980 1855 2022 1920 de

687 1973 875 2061 theologie,
898 1972 1039 2061 lorsque
1059 1972 1109 2039 les
1127 1972 1324 2040 cardinaux
1343 1971 1405 2059 qui
1426 1973 1682 2059 gouvernaient
1705 1972 1846 2060 l'Eglise
1866 1973 2022 2059 pendant

687 2090 719 2158 la
737 2111 887 2157 vacance
907 2091 953 2156 du
976 2088 1076 2177 Siege
1095 2088 1317 2176 apostolique
1338 2090 1394 2174 (20
1415 2088 1486 2165 mai
1502 2127 1546 2137 -
1561 2091 1602 2156 25
1624 2090 1817 2155 novembre
1839 2090 1949 2176 1277),
1971 2088 2020 2155 lui

686 2208 902 2295 envoyerent
928 2206 1056 2273 l’ordre
1082 2206 1125 2272 de
1151 2205 1307 2272 surseoir
1331 2205 1559 2271 absolument
1581 2204 1601 2271 ai
1623 2218 1711 2271 cette
1735 2204 1858 2271 affaire
1882 2206 2022 2293 jusqu'a

686 2345 725 2391 ce
747 2344 816 2410 que
843 2323 875 2390 la
900 2343 988 2390 cour
1014 2316 1175 2389 romaine
1201 2322 1232 2388 le
1255 2322 1421 2409 chargeat
1444 2322 1486 2388 de
1511 2321 1582 2387 s'en
1608 2341 1760 2408 occuper
1778 2327 1800 2386 1.
1827 2322 1951 2389 C'etait
1976 2344 2020 2388 en

686 2460 826 2507 somme
857 2438 1120 2526 desapptouver
1150 2438 1180 2504 le
1210 2438 1282 2505 zele
1312 2436 1535 2524 intempestif
1561 2436 1748 2504 d'Etienne
1775 2439 1957 2525 Tempier,
1989 2453 2022 2505 et

686 2555 850 2622 infirmer
877 2555 1148 2621 indirectement
1173 2553 1205 2621 la
1229 2554 1351 2621 valeur
1373 2554 1416 2620 de
1442 2574 1479 2620 sa
1502 2555 1783 2621 condamnation
1810 2569 1843 2621 et
1868 2555 1910 2621 de
1936 2555 2021 2622 celle

686 2674 729 2740 de
753 2673 885 2739 Robert
907 2671 1126 2759 Kilwardby.

776 2788 801 2854 ll
828 2801 880 2854 est
907 2789 950 2855 de
979 2800 1074 2854 toute
1100 2787 1380 2854 vraisemblance
1406 2807 1475 2873 que
1504 2786 1553 2853 les
1580 2786 1828 2855 Dominicains
1856 2787 2022 2855 n'etaient

686 2925 748 2992 pas
775 2904 956 2991 dtrangers
983 2903 1004 2969 a
1032 2903 1130 2970 l’acte
1158 2903 1200 2969 de
1229 2902 1261 2969 la
1289 2903 1386 2969 curie
1415 2903 1588 2970 romaine.
1618 2902 1663 2968 lls
1690 2903 1831 2970 avaient
1858 2905 1905 2970 dil
1935 2903 2021 2972 faire

685 3020 786 3107 appel
817 3021 878 3087 des
906 3018 1206 3087 condamnations
1235 3018 1440 3085 arbitraires
1467 3020 1510 3086 de
1538 3018 1693 3106 l'evdquc
1720 3019 1763 3086 de
1793 3019 1891 3087 Paris
1918 3021 2021 3088 etde

687 3137 930 3223 l’archeveque
957 3137 1000 3202 de
1028 3134 1262 3222 Cantorbery.
1295 3135 1352 3201 Un
1386 3136 1546 3201 membre
1576 3135 1619 3201 de
1649 3134 1799 3216 l'Ordre‚
1831 3137 1948 3204 Pierre
1979 3139 2021 3203 de

686 3252 870 3333 Constans,
897 3251 1117 3338 archeveque
1146 3251 1189 3317 de
1214 3250 1399 3329 Corinthe,
1426 3271 1646 3339 personnage
1672 3250 1837 3333 influent,
1864 3274 1906 3319 en
1938 3253 2020 3320 resi·

685 3369 794 3435 deoce
813 3369 832 3434 a
853 3367 885 3434 la
902 3388 989 3434 cour
1007 3367 1167 3434 romaine
1185 3373 1208 3445 2,
1230 3370 1344 3454 paralt
1360 3367 1461 3434 s'etre
1478 3367 1729 3455 specialement
1744 3369 1914 3436 entremis
1930 3370 2020 3436 dans

775 3610 784 3641 ¹
804 3610 858 3665 Ces
878 3609 1124 3680 renseignements
1146 3626 1201 3681 peu
1223 3620 1356 3681 suspects
1377 3625 1453 3665 nous
1474 3622 1542 3666 sont
1565 3609 1679 3665 lournis
1701 3626 1751 3682 par
1772 3610 1840 3665 lean
1863 3611 2017 3677 Peckham,

684 3702 864 3771 archeveque
884 3698 920 3754 de
940 3699 1118 3771 Cantorbery
1138 3711 1168 3754 et
1188 3714 1358 3754 successeur
1375 3698 1411 3754 de
1430 3699 1606 3772 Kilwardby‚
1628 3699 1702 3755 dans
1723 3716 1754 3755 sa
1775 3701 1855 3755 lettre
1874 3700 1914 3756 du
1936 3718 1952 3772 7
1972 3702 2020 3756 de-

684 3788 800 3844 cembre
829 3789 904 3859 1284,
930 3805 967 3844 au
993 3800 1088 3860 temps
1111 3787 1147 3842 de
1171 3788 1197 3842 la
1221 3788 1292 3842 lutte
1316 3788 1474 3860 entreprise
1497 3805 1548 3861 par
1571 3789 1611 3845 lui
1633 3801 1734 3844 contre
1756 3791 1796 3845 les
1819 3789 2020 3846 DominicaIns

685 3878 806 3949 anglais,
833 3893 909 3950 pour
934 3877 1088 3933 maintenir
1111 3878 1136 3931 la
1159 3876 1389 3932 condamnation
1413 3876 1449 3932 de
1471 3894 1525 3933 son
1550 3877 1753 3950 predecesseur
1773 3893 1780 3934 ε
1804 3879 1930 3935 Causam
1952 3896 2019 3936 vero

685 3966 861 4039 opinionum
882 3967 957 4021 bone
978 3965 1116 4021 memorie
1136 3965 1231 4021 fratris
1249 3965 1364 4022 Thome
1383 3966 1419 4021 de
1437 3967 1566 4038 Aquino
1586 3984 1661 4039 quas
1680 3968 1780 4023 fratres
1800 3968 1855 4040 ipsi
1876 3967 2020 4041 [Predica

685 4055 775 4130 tores]
791 4056 944 4129 opiniones
959 4057 1004 4112 sui
1021 4055 1140 4110 Ordinis
1155 4072 1217 4111 esse
1231 4055 1345 4122 dicunt,
1362 4073 1436 4127 quas
1452 4068 1549 4112 tamen
1570 4058 1599 4112 in
1616 4071 1715 4113 nostra
1735 4058 1877 4130 presentia
1896 4058 2020 4129 subjecit

685 4146 762 4201 idem
779 4145 953 4201 reverendus
972 4146 1056 4201 irater
1076 4147 1281 4215 theologorum
1302 4145 1421 4202 arbitrio
1437 4146 1643 4203 parisiensium
1661 4147 1879 4218 magistrorum,
1897 4148 2020 4220 pendere

684 4236 814 4291 diximus
837 4236 866 4290 in
891 4235 1022 4290 Romana
1044 4234 1123 4290 curia
1147 4234 1305 4290 indecisam
1328 4251 1380 4308 pro
1400 4252 1435 4291 eo
1457 4236 1538 4307 quod
1559 4249 1678 4292 vacante
1699 4236 1766 4292 sede
1788 4237 1948 4309 apostolica
1971 4254 2020 4310 per

687 4338 811 4381 mortem
837 4336 936 4382 sancte
962 4323 1101 4380 memorie
1125 4324 1238 4380 domini
1263 4325 1416 4391 lobannis,
1441 4325 1491 4380 Dei
1517 4326 1606 4397 gratia
1632 4338 1703 4382 tunc
1728 4326 1868 4399 temporis
1894 4327 2017 4382 Romani

686 4415 842 4488 pontilicis,
862 4415 1019 4486 episcopus
1039 4414 1206 4469 Parisiensis
1222 4414 1389 4487 Stephanus
1405 4415 1481 4470 bone
1495 4415 1634 4471 memorie
1651 4415 1686 4470 ad
1706 4415 1921 4471 discussionem
1943 4417 2019 4488 ipso-

685 4521 751 4560 rum
767 4504 957 4560 articulorum
973 4503 1009 4559 de
1024 4504 1147 4559 consilio
1163 4504 1370 4574 magistrorum
1388 4504 1541 4576 procedere
1555 4505 1694 4576 cogitaret
1710 4521 1717 4560 ε
1739 4505 1912 4562 mandatum
1929 4506 2019 4562 fuisse

685 4594 793 4650 dicitur
811 4593 904 4649 eidem
926 4593 1065 4666 episcopo
1087 4609 1136 4665 per
1155 4593 1301 4664 quosdam
1322 4593 1453 4650 Romane
1471 4595 1550 4649 curie
1568 4595 1712 4650 Dominos
1732 4594 1912 4662 reverendos,
1933 4607 1965 4651 ut
1983 4596 2019 4652 de

686 4683 762 4738 iacto
781 4683 895 4737 illarum
911 4682 1086 4755 opinionum
1104 4682 1301 4755 supersederet
1316 4682 1444 4756 penitus,
1460 4683 1554 4739 donec
1568 4683 1648 4739 aliud
1664 4683 1800 4756 reciperet
1815 4684 1844 4740 in
1861 4685 2016 4742 mandatis.

685 4773 717 4827 C.
734 4772 771 4826 T.
788 4772 904 4837 Martin,
920 4772 1096 4845 Registrum
1115 4772 1308 4844 epistolarum
1322 4773 1439 4842 fratris
1452 4772 1601 4828 Joltunnt's
1618 4773 1778 4838 Peckham,
1795 4786 1816 4829 t.
1835 4773 1886 4841 ill,
1903 4791 1931 4846 p.
1948 4773 2016 4838 866;

687 4861 788 4918 Cltart.
814 4861 900 4917 llniv.
917 4861 1029 4927 Poris,
1051 4862 1072 4928 l,
1093 4879 1120 4934 p.
1141 4862 1202 4916 625.
1224 4863 1367 4917 Peckham
1387 4862 1433 4918 sut
1451 4864 1572 4918 nomme
1590 4864 1697 4919 lecteur
1715 4865 1730 4918 a
1749 4864 1774 4918 la
1792 4864 1870 4919 curie
1888 4864 2018 4919 romaine

685 4968 720 5006 en
746 4952 821 5023 1278,
845 4963 873 5007 et
896 4963 949 5023 put
968 4952 1049 5007 avoir
1068 4951 1259 5007 directement
1277 4952 1488 5009 connaissance
1507 4951 1543 5008 de
1563 4969 1610 5009 ces
1630 4953 1854 5010 circonstances.
1871 4953 2017 5010 Analecta

685 5039 901 5105 Franciscono‚
918 5052 938 5095 t.
958 5041 1008 5106 ΙΙΙ,
1027 5058 1054 5112 ρ.
1072 5041 1131 5096 361.

774 5129 785 5164 ³
805 5130 886 5186 Ball.
905 5130 976 5186 Ord.
995 5130 1114 5196 Proeti„
1134 5131 1154 5196 l,
1172 5147 1200 5203 p.
1218 5131 1278 5201 548.
