4892 6540
1256 857 1439 920 -3-

679 1045 743 1108 nisi
765 1057 839 1107 actu
863 1055 1021 1118 moueret,
1044 1042 1122 1125 quia
1145 1042 1180 1104 in
1203 1042 1329 1125 optima
1350 1041 1565 1125 dispositione
1588 1055 1757 1125 ponuntur
1779 1040 2009 1126 intelligentie3

679 1152 705 1214 si
726 1164 881 1214 moueant
895 1149 976 1212 dixit
995 1162 1044 1212 tot
1061 1168 1131 1212 esse
1148 1148 1294 1232 angelos,
1314 1148 1366 1212 uel
1385 1161 1432 1212 tot
1452 1148 1693 1231 intelligentias,
1708 1162 1790 1231 quot
1807 1162 1885 1212 sunt
1902 1149 2009 1225 orbes,

679 1272 715 1322 ut
736 1271 822 1342 patet
842 1259 886 1339 rij
910 1255 1138 1339 metaphysice,
1164 1257 1216 1318 cui
1242 1255 1434 1319 contradicit
1459 1256 1617 1339 scriptura
1637 1254 1751 1317 divina
1771 1254 1895 1331 dicens,
1920 1256 2012 1319 milia

679 1364 811 1428 milium
827 1364 1059 1427 ministrabant
1071 1363 1099 1426 ei
1115 1376 1146 1426 et
1159 1361 1265 1425 decies
1278 1376 1414 1426 centena
1429 1362 1532 1438 milia,
1548 1376 1607 1426 etc.

636 1489 649 1533 s
759 1472 826 1554 [15]
850 1471 994 1534 Vlterius
1013 1470 1134 1533 errauit
1154 1468 1384 1552 philosophus,
1406 1470 1438 1550 xj
1461 1468 1692 1552 metaphysice,
1717 1488 1844 1553 ponens
1865 1471 2010 1552 primum

678 1578 849 1642 hominem
871 1576 1047 1659 intelligere
1066 1589 1096 1640 et
1110 1575 1291 1639 desiderare
1311 1578 1455 1659 primum
1476 1589 1649 1650 motorem,
1665 1590 1695 1639 et
1710 1577 1756 1639 sic
1769 1575 1922 1659 deceptus
1936 1576 2010 1652 luit,

677 1687 876 1749 contrarium
897 1699 1028 1767 propter
1047 1683 1162 1746 salsam
1185 1683 1280 1746 istam
1304 1682 1470 1766 physicam
1491 1684 1615 1759 dicens,
1634 1683 1723 1766 quod
1742 1703 1782 1746 ex
1800 1684 1862 1746 hoc
1879 1700 2012 1767 apparet

676 1811 812 1876 corpora
831 1791 959 1855 celestia
979 1810 1049 1854 esse
1068 1791 1225 1866 animata,
1247 1804 1279 1854 et
1299 1778 1388 1874 quod
1412 1809 1480 1854 non
1505 1789 1620 1853 habuit
1639 1789 1680 1853 de
1702 1790 1878 1853 uirtutibus
1901 1792 2012 1854 anime

678 1901 741 1963 nisi
765 1898 963 1963 intellectum
988 1912 1019 1961 et
1040 1897 1250 1961 desiderium.

621 2145 650 2177 ιο
759 2111 950 2197 Capitulum
970 2111 1145 2175 secundum
1167 2110 1286 2194 inquo
1307 2110 1541 2194 intelliguntur
1557 2111 1641 2174 dicti
1659 2130 1793 2175 errores
1812 2111 2010 2174 summatim.

678 2221 764 2285 Sunt
778 2240 853 2304 ergo
867 2238 983 2283 omnes
997 2237 1119 2281 errores
1133 2219 1183 2281 sui
1200 2219 1235 2279 in
1250 2237 1382 2280 summa
1397 2217 1456 2291 hii,
1473 2217 1592 2283 scilicet
1609 2238 1616 2280 :

759 2326 827 2409 [ιὸ]
850 2325 948 2406 Quod
966 2338 1075 2388 motus
1091 2342 1157 2387 non
1174 2324 1304 2406 incepit.

760 2432 827 2516 [ιγ]
850 2431 949 2513 Quod
963 2445 1095 2514 tempus
1108 2444 1156 2493 est
1168 2445 1330 2493 eternum.

760 2540 828 2624 [18]
850 2538 947 2620 Quod
964 2537 1110 2601 mundus
1126 2557 1193 2600 non
1210 2538 1341 2621 incepit.

759 2647 827 2730 {19}
849 2645 948 2727 Quod
961 2645 1068 2708 celum
1086 2664 1153 2708 non
1168 2660 1216 2708 est
1231 2644 1364 2708 lactum.

760 2754 827 2837 [2ο]
850 2752 948 2834 Quod
963 2751 1044 2815 deus
1060 2770 1127 2815 non
1143 2766 1251 2835 posset
1263 2752 1365 2815 alium
1383 2752 1548 2816 mundum
1565 2752 1678 2816 lacere.

759 2859 828 2943 [21]
850 2858 948 2939 Quod
962 2858 1126 2941 generatio
1139 2872 1171 2920 et
1183 2859 1348 2941 corruptio
1364 2877 1430 2921 non
1451 2859 1643 2942 inceperunt
1658 2880 1717 2924 nec
1729 2860 1890 2925 desinent.

759 2966 827 3050 [22]
849 2965 947 3047 Quod
962 2965 1010 3029 sol
1029 2984 1158 3048 semper
1170 2965 1318 3028 causauit
1336 2966 1576 3048 generationem
1591 2981 1622 3030 et
1635 2970 1878 3051 corruptionem
1894 2969 1928 3031 in
1944 2969 2013 3032 istis

679 3074 898 3139 inferioribus.

619 3214 651 3246 ιο
760 3180 827 3264 [23]
849 3179 948 3261 Quod
965 3199 1031 3242 non
1047 3180 1088 3242 sit
1103 3178 1267 3262 possibilis
1282 3181 1470 3243 resurrectio
1490 3194 1707 3244 mortuorum.

760 3288 828 3372 [24]
850 3286 948 3368 Quod
963 3287 1043 3349 deus
1059 3306 1126 3350 non
1142 3299 1246 3369 potest
1261 3285 1363 3350 lacere
1377 3287 1527 3350 accidens
1542 3288 1613 3350 sine
1626 3288 1781 3353 subiecto.

759 3395 829 3478 [25]
850 3393 949 3474 Quod
965 3395 998 3456 in
1014 3392 1160 3477 quolibet
1178 3394 1362 3476 composito
1376 3394 1417 3456 sit
1432 3408 1559 3456 tantum
1577 3414 1641 3457 vna
1656 3394 1762 3458 forma
1776 3396 2011 3473 substantialis,

678 3502 768 3586 quod
783 3503 902 3566 dicitur
915 3520 984 3564 esse
999 3499 1132 3563 falsum.

761 3608 828 3692 {26}
850 3608 948 3689 Quod
965 3626 1031 3671 non
1047 3608 1089 3670 sit
1102 3607 1179 3670 dare
1194 3608 1338 3690 primum
1356 3608 1539 3684 bominem,
1556 3628 1615 3672 nec
1630 3609 1790 3692 pluuiam.

618 3737 651 3781 25
760 3716 827 3799 {27l
850 3715 948 3796 Quod
965 3714 1057 3778 nullo
1073 3714 1172 3778 modo
1185 3714 1253 3778 duo
1267 3733 1400 3797 corpora
1417 3718 1542 3798 possint
1555 3735 1623 3780 esse
1639 3719 1672 3779 in
1687 3717 1801 3780 eodem
1817 3717 1899 3781 loco.

760 3824 828 3907 [28]
850 3823 947 3903 Quod
970 3836 1018 3887 tot
1038 3836 1115 3885 sunt
1136 3821 1230 3886 orbes
1251 3821 1338 3905 quod
1363 3836 1442 3886 sunt
1463 3823 1583 3906 angeli,
1607 3824 1844 3907 propterquod
1868 3826 2014 3908 sequitur

679 3931 767 4015 quod
783 3932 849 3996 sint
863 3930 895 3993 lx
910 3930 960 3994 vel
976 3930 1041 3993 lxv.

761 4038 829 4122 [29]
853 4037 980 4102 Volunt
1011 4052 1120 4101 autem
1153 4037 1288 4121 quidam
1322 4057 1473 4102 excusare
1506 4038 1742 4122 philosophum
1775 4038 1815 4102 de
1847 4040 2014 4103 eternitate

681 4145 810 4209 mundi.
827 4145 890 4209 Sed
906 4145 968 4209 hoc
982 4159 1064 4208 stare
1081 4165 1147 4208 non
1164 4158 1281 4228 potest,
1296 4166 1371 4209 cum
1387 4145 1428 4208 ad
1443 4146 1682 4209 ostendendum
1703 4147 1852 4210 ueritates
1871 4146 2015 4229 philost>

619 4273 652 4317 30
682 4253 807 4336 phicas,
828 4252 943 4316 fundet
957 4273 990 4315 se
1005 4272 1131 4336 semper
1146 4252 1343 4336 superdicto
1363 4253 1535 4336 principio,
1551 4253 1656 4316 immo
1671 4254 1725 4316 vix
1746 4273 1917 4337 nunquam
1941 4253 2015 4317 lecit

680 4361 822 4445 aliquem
845 4360 964 4424 librum
984 4360 1040 4423 vbi
1061 4380 1126 4423 non
1149 4362 1258 4443 posuit
1276 4359 1401 4444 aliquid
1421 4360 1461 4423 ad
1481 4360 1543 4424 hoc
1563 4362 1738 4444 pertinens.
1762 4360 1906 4424 Rursum
1929 4360 2014 4425 ultra

682 4468 841 4551 predictos
863 4487 985 4532 errores
1008 4469 1108 4551 aliqui
1134 4468 1252 4531 uolunt
1273 4469 1301 4530 ei
1324 4469 1492 4551 imponere
1512 4468 1600 4550 quod
1622 4469 1703 4531 deus
1727 4467 1826 4530 nichil
1849 4469 2013 4551 cognoscit

680 4589 769 4640 extra
790 4596 834 4649 se,
858 4577 901 4639 ita
920 4575 1008 4659 quod
1028 4575 1084 4638 ei1
1107 4595 1172 4638 non
1198 4588 1276 4639 sunt
1298 4590 1375 4637 nota
1396 4576 1456 4638 ista
1479 4574 1642 4649 inferiora,
1665 4588 1830 4637 sumentes
1854 4576 2010 4639 rationem

680 4683 757 4746 dicti
778 4703 817 4746 ex
839 4683 901 4746 hiis
922 4702 986 4767 que
1006 4682 1180 4747 traduntur
1200 4684 1233 4744 in
1254 4683 1298 4745 xii
1319 4682 1550 4764 metaphysice,
1566 4684 1600 4744 in
1621 4680 1679 4744 illo
1696 4680 1862 4765 capitulo:
1880 4681 2009 4747 Patrum

620 4808 652 4854 3⁵
681 4791 850 4854 sententia.
874 4790 937 4855 Sed
958 4790 1046 4875 quod
1070 4810 1137 4854 non
1161 4790 1344 4873 intelligant
1366 4788 1616 4873 philosophum,
1638 4803 1669 4852 et
1689 4789 1777 4873 quod
1802 4789 1857 4852 illa
1882 4790 2012 4853 nonsit

682 4899 820 4962 intentio
838 4918 909 4975 sua,
930 4911 1015 4982 patet
1035 4918 1090 4982 per
1108 4918 1145 4962 ea
1163 4917 1227 4985 que
1245 4897 1400 4965 dicuntur
1419 4898 1452 4960 in
1473 4897 1615 4987 capitulo
1634 4896 1674 4967 de
1693 4896 1780 4961 bona
1799 4896 1942 4975 fortuna,
1956 4896 2011 4968 vbi

764 5123 772 5163 ¹
791 5124 837 5181 Ms
851 5124 884 5203 †
897 5123 989 5195 quod.
