4880 6546
1676 898 1769 953 ccciii

433 1074 494 1148 des
510 1070 810 1148 condamnations
827 1080 868 1146 de
888 1076 986 1144 Paris
1005 1092 1038 1144 et
1057 1070 1227 1143 d'oxford
1249 1076 1324 1165 qui,
1343 1098 1386 1143 en
1410 1091 1486 1143 tout
1502 1078 1571 1143 etat
1589 1078 1632 1143 de
1649 1099 1767 1157 cause,

435 1219 478 1264 ne
502 1197 694 1284 pouvaient
721 1194 821 1263 avoir
848 1196 891 1262 de
919 1194 1037 1281 portee
1063 1215 1132 1281 que
1158 1195 1247 1261 dans
1274 1214 1331 1260 ces
1359 1194 1452 1259 seuls
1478 1193 1634 1260 dioceses
1651 1198 1674 1256 1.
1704 1194 1770 1259 Les

433 1313 733 1380 condamnations
751 1311 969 1379 troublerent
986 1310 1131 1378 d’abord
1149 1310 1321 1397 quelques
1338 1309 1464 1396 esprits
1482 1309 1636 1389 timides,
1657 1310 1770 1376 main-

434 1445 557 1496 tenues
585 1428 730 1516 qu’elles
758 1428 887 1495 etaient
915 1448 977 1514 par
1006 1427 1055 1493 les
1084 1426 1270 1493 interesses
1287 1432 1310 1504 2,
1341 1426 1431 1492 mais
1458 1425 1542 1492 elles
1570 1427 1770 1492 tomberent

434 1547 568 1613 bientdt
591 1546 681 1612 dans
705 1543 971 1622 l'indiffirence‚
995 1558 1028 1609 et
1049 1545 1110 1610 des
1135 1544 1278 1609 maltres
1299 1542 1479 1629 etrangers
1501 1564 1571 1608 aux
1593 1541 1771 1609 doctrines

434 1662 621 1729 thomistes
639 1661 868 1728 n'hesiterent
884 1682 947 1748 pas
963 1661 982 1726 it
1001 1660 1049 1726 les
1069 1660 1205 1726 blamer
1222 1675 1256 1726 et
1271 1660 1291 1725 a
1309 1660 1358 1725 les
1374 1659 1531 1725 declarer
1551 1680 1634 1725 sans
1651 1659 1770 1746 portee

433 1799 572 1845 aucune
590 1783 613 1842 Ι.
648 1780 714 1844 Les
744 1778 922 1844 doctrines
953 1777 996 1842 de
1026 1775 1189 1843 Thomas
1220 1775 1377 1862 d'Aquin
1410 1796 1445 1841 se
1476 1776 1711 1862 propagarent
1741 1773 1769 1840 si

434 2055 470 2092 au
485 2049 580 2109 temps
594 2036 630 2090 de
647 2037 716 2091 lean
733 2036 887 2091 Peckham.
904 2034 1051 2100 hauriam,
1067 2033 1188 2089 Notices
1205 2041 1234 2087 et
1252 2032 1389 2098 extruits,
1410 2045 1430 2088 t.
1448 2033 1480 2099 V,
1498 2050 1525 2105 p.
1544 2032 1642 2105 69-7o;
1660 2032 1772 2102 Quetil-

435 2126 558 2191 Echard,
575 2125 688 2196 Script.
708 2125 778 2179 Ord.
799 2123 919 2189 Proeti„
938 2124 959 2189 Ι,
977 2140 1005 2196 p.
1022 2124 1083 2195 371,
1100 2139 1161 2193 4¹4·

523 2216 532 2248 ¹
552 2216 628 2271 C’est
646 2232 677 2270 ce
695 2214 901 2286 qu’exprimait
920 2213 1126 2285 plaisamment
1145 2229 1185 2267 un
1206 2212 1389 2267 Dominicain
1410 2211 1531 2282 anglais,
1548 2212 1641 2283 aqui,
1658 2212 1771 2284 d’apres

434 2304 554 2369 Occam,
578 2321 616 2360 on
640 2304 777 2373 objectait
799 2304 824 2357 la
846 2302 1076 2358 condamnation
1099 2302 1134 2355 de
1157 2302 1264 2356 Paris:
1288 2320 1304 2355 e
1325 2303 1355 2356 le
1381 2303 1407 2356 la
1428 2302 1560 2366 connais,
1587 2302 1673 2368 dit-il,
1699 2301 1771 2356 mais

434 2395 485 2449 elle
507 2397 552 2448 n'a
573 2411 624 2467 pas
647 2394 728 2465 passe
750 2396 775 2447 la
796 2409 857 2447 mer
869 2412 895 2446 s.
917 2392 1006 2447 Guill.
1026 2391 1145 2456 Occam,
1166 2390 1324 2464 Dialogus,
1345 2393 1413 2446 Pars
1437 2391 1457 2457 l,
1480 2403 1561 2447 tract.
1584 2408 1612 2457 u,
1634 2408 1697 2462 cap.
1721 2408 1768 2449 rx:

436 2484 581 2548 Haureau‚
599 2483 735 2538 Histoire
750 2483 786 2537 cle
801 2483 830 2536 le
843 2481 1034 2553 philosophie
1049 2480 1246 2552 Scolastique,
1266 2480 1316 2534 ΙΙ“·
1334 2482 1420 2546 Part,
1438 2493 1458 2536 t.
1477 2481 1513 2546 ll,
1532 2498 1559 2552 p.
1576 2483 1620 2552 98.

523 2573 534 2605 ¹
553 2574 628 2628 Cum
650 2573 814 2644 frequenter
831 2582 963 2643 oporteat
981 2587 1124 2641 exponere
1141 2571 1257 2641 aliquos
1275 2570 1310 2624 de
1329 2570 1482 2642 praedictis
1498 2570 1627 2625 articulis
1642 2569 1771 2642 [Parisiis

434 2661 608 2735 damnatisl,
631 2678 690 2716 non
709 2661 829 2732 quidem
849 2673 951 2715 contra
968 2660 1127 2726 veritatem,
1150 2676 1203 2714 nec
1221 2671 1322 2715 contra
1343 2660 1535 2715 intentionem
1557 2675 1646 2731 quam
1668 2660 1771 2713 habere

434 2751 600 2807 debuerunt
623 2751 662 2806 illi
687 2751 738 2821 qui
764 2750 926 2821 praedictos
950 2749 1089 2806 articulos
1112 2749 1282 2815 ediderunt,
1311 2749 1359 2804 sed
1385 2761 1482 2804 tamen
1507 2761 1609 2804 contra
1636 2748 1664 2803 id
1689 2748 1770 2819 quod

435 2840 549 2896 videtur
572 2840 755 2912 praetendere
774 2840 941 2912 superficies
964 2839 1069 2904 literae,
1089 2839 1178 2909 aliqui
1201 2839 1300 2894 minus
1322 2838 1402 2910 periti
1423 2850 1450 2893 et
1470 2838 1617 2910 simplices
1636 2849 1772 2909 reputant

435 2930 475 2985 sic
498 2942 676 3001 exponentes
697 2929 980 2991 excommunicatos,
1000 2939 1028 2984 et
1049 2929 1177 2984 formant
1198 2928 1251 2982 sibi
1272 2928 1482 2984 conscientiam
1504 2928 1584 2999 quod
1607 2930 1676 2982 tales
1698 2929 1772 2981 male

435 3020 584 3083 sentiunt;
606 3032 635 3074 et
654 3020 723 3074 tales
744 3019 902 3090 simplices,
926 3019 1021 3073 bonos
1043 3031 1070 3074 et
1092 3033 1191 3088 graves
1214 3030 1354 3088 tanquam
1379 3029 1495 3073 notatos
1515 3017 1551 3071 de
1570 3016 1772 3072 excommuni-

435 3109 549 3164 catione
564 3121 591 3164 et
606 3124 709 3173 errore,
729 3107 907 3163 Cancellario
925 3109 967 3161 vel
991 3108 1136 3180 Episcopo
1157 3107 1290 3162 deserunt
1311 3122 1316 3160 :
1339 3118 1366 3161 et
1387 3108 1469 3178 plura
1490 3106 1724 3161 inconvenientia
1744 3118 1771 3161 et

435 3198 593 3253 schismata
613 3197 699 3252 etiam
721 3214 755 3252 ex
775 3198 830 3252 hoc
851 3197 924 3252 inter
943 3196 1093 3252 studentes
1111 3198 1257 3252 oriuntur.
1277 3196 1424 3268 Godeiroy
1442 3196 1493 3250 des
1511 3196 1678 3261 Fontaines‚
1698 3196 1771 3250 dans

436 3287 619 3357 D’Argentre‚
644 3286 787 3341 Collectio
804 3286 1003 3356 judiciorum,
1027 3289 1047 3351 Ι,
1071 3303 1098 3359 p.
1121 3287 1182 3341 215.
1202 3317 1235 3326 -
1255 3286 1346 3358 Saepe
1365 3285 1465 3340 audivi
1486 3301 1502 3339 a
1522 3285 1623 3341 multis
1643 3285 1771 3356 Anglicis

434 3389 462 3432 et
488 3376 657 3431 Britonibus
681 3392 812 3431 enarrare
837 3375 918 3446 quod
944 3375 980 3430 de
1004 3376 1144 3448 opinione
1166 3375 1283 3430 Thome
1308 3375 1343 3429 de
1369 3374 1480 3430 unitate
1504 3374 1623 3440 formae,
1651 3374 1772 3445 quando

395 3520 398 3529 ,
434 3464 651 3530 conclusiones
671 3481 746 3535 quae
764 3481 797 3519 ex
819 3465 882 3537 ipsa
900 3477 1076 3535 sequuntur,
1098 3464 1328 3535 explicabantur,
1348 3464 1520 3519 scandalum
1544 3463 1600 3519 iuit
1621 3463 1648 3517 in
1668 3464 1771 3533 Anglia

436 3570 525 3625 prope
540 3554 700 3609 inlinitum.
717 3554 837 3618 Occam,
853 3553 1011 3626 Dialogus,
1028 3553 1083 3624 (ed.
1102 3553 1239 3625 Lugdun.
1261 3554 1336 3626 1494)
1354 3555 1421 3608 Pars
1439 3552 1459 3618 Ι,
1479 3552 1541 3607 ΙΙΙ).
1561 3553 1596 3619 ΙΙ,
1613 3568 1676 3624 cap.
1693 3569 1770 3621 xxiv,

435 3643 509 3698 dans
525 3644 633 3709 Prantl,
651 3642 753 3697 Gesclt.
771 3642 825 3696 der
840 3643 950 3715 Logilr,
970 3643 1020 3709 ΙΙΙ,
1038 3658 1065 3714 p.
1088 3643 1145 3697 185.

524 3732 535 3765 ⁸
556 3734 668 3788 Patet...
693 3732 773 3803 quod
798 3732 833 3785 de
858 3732 913 3786 illis
937 3730 1093 3805 [articulis]
1118 3732 1230 3787 licitum
1254 3744 1297 3788 est
1319 3732 1461 3787 contrarie
1484 3730 1607 3804 opinari,
1632 3744 1686 3786 etc.
1713 3732 1772 3787 Nec

435 3822 542 3877 debent
563 3821 687 3893 reputari
710 3823 783 3892 leges
803 3836 979 3876 communes
999 3821 1131 3876 efficaces
1151 3821 1186 3876 ad
1210 3821 1467 3876 determinandum
1489 3820 1676 3892 quaestiones
1697 3837 1772 3891 quae

435 3911 563 3981 vigorem
585 3910 691 3966 debent
712 3911 816 3965 habere
837 3927 885 3981 per
907 3910 1076 3965 universum
1100 3910 1258 3976 mundum,
1281 3926 1349 3965 cum
1374 3910 1444 3965 istae
1467 3911 1541 3981 leges
1562 3925 1622 3964 non
1647 3910 1772 3965 habeant

435 4000 494 4054 vim
519 4000 626 4070 ligandi
647 3999 702 4054 nisi
724 4000 752 4053 in
774 4016 835 4054 uno
855 4000 919 4055 solo
941 4001 1021 4063 loco;
1044 3999 1115 4071 quia
1134 3999 1219 4054 etiam
1245 3998 1369 4068 majores
1389 4000 1440 4070 qui
1462 4011 1532 4054 sunt
1552 4012 1580 4054 et
1601 3999 1720 4054 fuerunt
1742 3999 1770 4052 in

435 4088 514 4144 dicto
531 4089 594 4143 loco
612 4087 766 4161 [Parisiis],
786 4101 813 4144 et
834 4100 867 4144 ut
887 4101 959 4159 puto
978 4100 1074 4155 erunt,
1095 4105 1154 4143 non
1175 4099 1320 4161 reputant,
1341 4105 1393 4143 nec
1413 4105 1462 4159 per
1480 4088 1529 4142 Dei
1548 4088 1668 4158 gratiam
1689 4103 1771 4159 repu-

435 4179 541 4234 tabunt
566 4178 661 4233 dictos
687 4179 824 4233 articulos
850 4194 912 4233 esse
939 4179 1012 4248 leges
1040 4178 1160 4249 ligantes
1187 4178 1222 4232 ad
1252 4177 1409 4232 tenendum
1437 4177 1597 4250 positiones
1623 4193 1697 4248 quas
1724 4177 1770 4231 alii

437 4268 573 4323 nituntur
589 4284 637 4338 per
651 4267 747 4322 dictos
765 4268 904 4322 articulos
924 4267 1105 4323 confirmare.
1124 4267 1268 4339 Godesroy
1284 4267 1334 4322 des
1356 4267 1522 4333 Fontaines,
1541 4266 1615 4321 dans
1634 4266 1771 4336 d’Argen-

436 4358 487 4420 tre,
512 4355 656 4410 Colleciio
676 4356 873 4425 iudiciorum,
898 4356 919 4422 l,
942 4374 969 4428 p.
992 4356 1053 4411 215.
1069 4388 1102 4395 -«
1117 4356 1225 4411 Occam
1249 4356 1302 4423 dit,
1326 4357 1470 4412 touchant
1493 4358 1518 4410 la
1540 4355 1770 4411 condamnation

436 4445 576 4500 d’Oxiord
600 4462 606 4500 :
629 4447 810 4500 Assertiones
830 4446 982 4517 praecipue
1001 4446 1231 4518 philosophicae,
1253 4462 1329 4517 quae
1349 4445 1384 4500 ad
1407 4445 1583 4514 theologiam
1604 4461 1664 4500 non
1687 4445 1772 4517 perti-

436 4547 516 4600 nent,
533 4551 592 4589 non
607 4537 726 4590 suntab
740 4535 839 4605 aliquo
854 4536 1022 4590 solemniter
1035 4535 1286 4601 condemnandae,
1302 4535 1372 4606 quia
1386 4536 1414 4589 in
1430 4534 1537 4590 talibus
1550 4534 1673 4605 quilibet
1687 4534 1771 4590 debet

436 4640 498 4679 esse
518 4624 597 4689 liber,
618 4636 649 4679 ut
668 4624 755 4679 libere
775 4624 861 4690 dicat,
881 4624 962 4696 quod
983 4624 1037 4679 sibi
1060 4626 1161 4695 placet.
1183 4625 1218 4680 Et
1236 4624 1309 4689 ideo,
1329 4625 1398 4696 quia
1416 4624 1513 4679 dictus
1534 4623 1770 4696 archiepiscopus

436 4713 586 4767 damnavit
606 4724 634 4768 et
655 4712 802 4768 interdixit
820 4713 974 4785 opiniones
993 4713 1235 4783 grammaticales,
1258 4714 1391 4784 logicales
1412 4725 1440 4768 et
1460 4729 1531 4785 pure
1552 4713 1771 4784 philosophicas

438 4818 490 4857 sua
515 4802 657 4858 sententia
682 4802 737 4858 suit
761 4803 911 4858 temeraria
936 4802 1107 4874 reputanda.
1134 4802 1292 4875 Dialogus,
1318 4804 1396 4869 Pars,
1425 4803 1446 4868 Ι,
1473 4802 1521 4857 ΙΙΙ).
1552 4802 1587 4867 ΙΙ,
1613 4818 1675 4874 cap.
1700 4818 1769 4856 xxti.

437 4891 615 4962 Opinionem
636 4892 770 4946 Thomae
793 4892 828 4945 de
852 4892 962 4947 unitate
986 4892 1095 4947 formae
1119 4891 1147 4946 in
1172 4892 1291 4946 bomine
1315 4892 1389 4947 inter
1410 4892 1479 4946 alias
1502 4891 1719 4956 condemnavit,
1743 4903 1771 4946 et

438 4991 534 5035 tamen
551 4992 583 5036 tu
599 4980 665 5045 scis,
682 4980 763 5051 quod
781 4982 877 5052 plures
897 4981 1012 5035 Parisiis
1027 4981 1119 5052 ipsam
1140 4981 1255 5053 publice
1275 4993 1373 5036 tenent
1386 4993 1414 5036 et
1427 4980 1589 5035 defendunt
1607 4992 1634 5035 et
1653 4980 1768 5044 docent,

438 5082 465 5123 et
481 5070 519 5124 ita
534 5069 570 5124 de
586 5070 686 5125 multis
702 5069 774 5124 aliis.
791 5069 900 5141 (ibid).
919 5070 1225 5135 Excommunicantes,
1243 5081 1415 5142 potestatem
1430 5085 1520 5140 quam
1537 5085 1596 5124 non
1613 5070 1769 5133 habebant,

438 5158 565 5214 indebite
586 5171 811 5231 usurpaverunt.
835 5158 921 5230 (ibid.
942 5174 1005 5230 cap.
1025 5160 1095 5231 xxi).
1119 5157 1265 5231 Godesroy
1286 5158 1336 5213 des
1356 5158 1512 5214 Fontaines
1533 5158 1583 5213 lait
1603 5157 1653 5213 des
1674 5158 1771 5213 obser·
