4872 6552
1235 862 1439 926 ..53-

670 1047 867 1131 procedetur.
891 1048 947 1112 Est
965 1048 1062 1132 igitur
1080 1062 1192 1113 contra
1211 1049 1369 1113 rationem
1391 1048 1495 1114 forme
1514 1062 1551 1113 ut
1570 1050 1611 1113 sit
1629 1069 1668 1112 ex
1688 1048 1837 1133 pluribus
1859 1051 2004 1133 partibus

668 1157 860 1238 composita.
2084 1147 2087 1152 ¹

749 1262 788 1326 Et
808 1262 1021 1326 confirmatur
1043 1264 1123 1326 ratio
1143 1283 1182 1327 ex
1205 1263 1266 1327 hoc
1286 1264 1375 1347 quod
1397 1265 1595 1347 composicio
1618 1263 1720 1328 forme
1745 1263 1900 1348 producta
1923 1280 2005 1329 esset

666 1389 704 1431 ex
721 1369 869 1452 pluribus
884 1390 947 1453 que
961 1384 1033 1433 actu
1048 1370 1088 1433 ad
1105 1372 1247 1433 inuicem
1263 1371 1497 1455 distinguntur.
1521 1371 1557 1434 ln
1573 1371 1693 1435 talibus
1708 1385 1817 1436 autem
1834 1374 2001 1436 ueritatem

624 1499 636 1543 5
666 1478 763 1541 habet
778 1479 960 1561 proposicio
977 1499 983 1540 :
1000 1478 1088 1561 quod
1103 1498 1142 1542 ex
1158 1479 1306 1561 pluribus
1322 1499 1388 1543 non
1406 1480 1447 1542 sit
1461 1478 1585 1561 aliquid
1600 1499 1718 1555 vnum,
1736 1480 1799 1542 nisi
1815 1479 1855 1543 sit
1869 1478 2002 1562 aliquod

664 1587 798 1648 tercium
822 1586 938 1648 vniens
959 1606 1008 1661 ea,
1030 1587 1119 1668 quod
1143 1587 1202 1648 erit
1225 1585 1342 1649 forma.
1370 1586 1415 1648 Ex
1441 1585 1590 1668 pluribus
1613 1598 1722 1649 autem
1745 1606 1808 1669 que
1834 1606 1901 1649 non
1925 1599 2003 1650 sunt

666 1704 738 1755 actu
754 1692 906 1755 distincta
926 1691 980 1755 sed
1000 1705 1078 1755 sunt
1097 1692 1180 1755 sicut
1199 1695 1346 1776 potencia
1365 1706 1396 1757 et
1414 1706 1516 1767 actus,
1533 1695 1615 1757 sicut
1629 1706 1676 1756 est
1691 1694 1825 1757 materia
1839 1707 1869 1757 et
1884 1692 2001 1769 forma,

666 1798 748 1862 bene
767 1799 803 1862 fit
821 1818 880 1862 ens
898 1812 928 1863 et
943 1820 1046 1862 vnum
1071 1800 1141 1863 sinc
1159 1802 1257 1864 tercio
1272 1801 1403 1863 vniente
1423 1799 1490 1876 illa,
1506 1820 1544 1863 eo
1558 1800 1646 1883 quod
1666 1800 1804 1863 alicuius
1822 1820 1935 1864 eorum
1955 1814 2002 1864 est

665 1907 748 1968 sicut
776 1904 882 1969 forma
910 1926 1006 1969 causa
1035 1908 1075 1970 sit
1103 1907 1230 1970 essendi
1259 1920 1290 1970 et
1315 1907 1447 1971 vnitatis
1476 1907 1578 1990 ipsius
1608 1909 1750 1983 materie,
1778 1909 1821 1971 ita
1849 1906 1938 1990 quod
1963 1926 2002 1970 ex

607 2048 636 2079 ιο
667 2015 800 2076 materia
814 2027 845 2076 et
860 2012 965 2077 forma
985 2015 1025 2075 sit
1044 2013 1168 2097 aliquid
1184 2034 1301 2089 vnum,
1323 2033 1390 2077 non
1406 2014 1483 2097 quia
1502 2016 1543 2078 sit
1561 2015 1696 2078 tercium
1712 2014 1800 2097 quod
1816 2018 1827 2057 1
1847 2015 1888 2077 sit
1906 2034 2001 2077 causa

664 2120 792 2183 essendi
814 2133 844 2183 et
865 2120 998 2185 vnitatis
1020 2122 1170 2198 istorum,
1192 2120 1247 2184 sed
1269 2123 1346 2204 quia
1368 2123 1501 2185 materia
1522 2135 1554 2185 et
1574 2121 1679 2184 forma
1702 2141 1769 2186 non
1793 2121 1914 2186 habent
1934 2141 2002 2184 esse

666 2248 721 2310 per
739 2247 852 2290 causas
872 2227 999 2291 essendi
1021 2228 1202 2304 distinctas,
1225 2228 1280 2291 sed
1301 2249 1406 2292 vnum
1429 2242 1476 2292 est
1496 2248 1592 2292 causa
1613 2228 1739 2291 essendi
1761 2228 1904 2304 alterius,
1924 2247 1999 2291 cum

665 2336 798 2398 materia
823 2335 1004 2398 secundum
1030 2355 1063 2398 se
1088 2355 1155 2399 non
1179 2337 1221 2399 sit
1243 2335 1375 2419 aliquod
1400 2356 1470 2410 ens,
1495 2336 1550 2399 sed
1574 2348 1702 2399 tantum
1728 2349 1832 2419 potest
1854 2355 1934 2412 esse,
1957 2336 2001 2399 ita

664 2442 752 2526 quod
773 2463 828 2525 per
848 2443 932 2510 hanc
948 2445 1115 2506 materiam
1136 2442 1243 2507 forma
1264 2463 1366 2526 perse
1382 2445 1492 2508 vnitur
1507 2445 1651 2521 materie,
1671 2456 1702 2507 et
1722 2463 1789 2506 non
1810 2463 1866 2526 per
1883 2446 2000 2507 vniens

605 2573 634 2616 15
665 2551 810 2614 medium
841 2570 899 2613 ens
924 2551 1012 2634 quod
1040 2571 1095 2634 per
1121 2571 1154 2615 se
1180 2553 1221 2615 sit
1246 2570 1341 2615 causa
1368 2551 1495 2615 essendi
1522 2552 1602 2615 eius
1630 2551 1726 2615 Vnde
1751 2553 1834 2615 sicut
1860 2571 1935 2615 cum
1962 2571 2001 2615 ex

665 2659 813 2741 pluribus
838 2660 879 2723 sit
898 2679 1003 2722 vnum
1029 2680 1085 2743 per
1106 2659 1230 2742 aliquid
1254 2661 1390 2722 tercium
1413 2661 1530 2722 vniens
1554 2679 1602 2735 ea,
1626 2659 1707 2722 illud
1732 2659 1866 2722 tercium
1891 2660 2001 2723 vnitur

663 2767 708 2829 eis
731 2786 786 2848 per
807 2786 840 2828 se
863 2786 929 2830 non
954 2787 1009 2849 per
1027 2766 1160 2850 aliquod
1181 2768 1310 2843 vniens,
1331 2787 1368 2831 eo
1387 2767 1476 2850 quod
1499 2768 1539 2829 sit
1560 2786 1656 2829 causa
1678 2766 1805 2829 essendi
1826 2766 1884 2842 eis,
1904 2767 1950 2829 sic
1970 2780 2001 2829 et

663 2873 768 2936 forma
794 2894 848 2956 per
870 2894 902 2937 se
924 2875 1035 2937 vnitur
1060 2875 1191 2937 materie
1215 2895 1269 2957 per
1289 2875 1438 2937 eamdem
1463 2875 1640 2938 racionem.
1666 2873 1732 2937 Nec
1756 2886 1860 2956 potest
1882 2872 2000 2956 aliquis

602 3038 613 3057 ,
662 2981 767 3044 dicere
793 2981 881 3064 quod
911 2982 1048 3045 istorum
1077 3001 1116 3044 ex
1141 2982 1263 3064 quibus
1292 2983 1426 3064 ponitur
1451 2981 1556 3044 forma
1584 2982 1751 3064 componi,
1779 2980 1867 3063 quod
1894 2999 1997 3043 vnum

601 3123 633 3153 20
663 3089 810 3170 respiciat
835 3087 972 3151 alterum
998 3103 1033 3152 ut
1058 3090 1200 3170 potentia
1226 3101 1334 3152 actum
1362 3089 1614 3152 substancialem
1639 3102 1670 3152 et
1692 3088 1909 3151 substanciale
1932 3106 2000 3150 esse

661 3196 806 3258 dantem.
832 3195 936 3259 Cuius
960 3195 1112 3278 probacio
1135 3209 1194 3271 est,
1216 3197 1293 3279 quia
1318 3196 1418 3259 nichil
1441 3196 1529 3279 quod
1554 3197 1587 3258 in
1612 3195 1762 3272 essendo,
1787 3215 1842 3259 seu
1868 3197 1901 3257 in
1926 3208 1998 3258 actu

661 3303 801 3379 essendi,
821 3302 1011 3366 distinctum
1034 3315 1080 3366 est
1101 3303 1143 3366 ab
1164 3303 1264 3367 altero
1286 3305 1413 3386 respicit
1436 3305 1543 3387 ipsum
1566 3305 1649 3367 sicut
1669 3316 1777 3367 actum
1800 3303 2000 3366 substancia-

662 3410 738 3473 lem.
760 3410 896 3493 Oportet
914 3411 1002 3474 enim
1024 3410 1113 3494 quod
1135 3411 1165 3474 id
1186 3410 1273 3493 quod
1294 3425 1501 3494 comparatur
1519 3411 1560 3474 ad
1580 3410 1717 3494 aliquid,
1738 3411 1821 3473 sicut
1839 3410 1880 3473 ad
1900 3431 1996 3474 suum

661 3530 769 3580 actum
794 3518 920 3580 essendi
945 3518 1212 3594 substancialem,
1234 3518 1323 3601 quod
1348 3538 1415 3582 non
1441 3518 1558 3582 habeat
1580 3519 1665 3581 vnde
1689 3520 1730 3581 sit
1754 3517 1940 3581 substancia
1964 3519 1998 3580 in

600 3646 631 3690 25
661 3637 732 3686 actu
748 3624 900 3689 distincta
919 3638 1031 3688 contra
1050 3645 1147 3687 suum
1168 3638 1277 3688 actum
1299 3626 1562 3689 substancialem.
1585 3625 1669 3688 lllud
1689 3626 1777 3688 enim
1793 3625 1881 3707 quod
1903 3624 1999 3688 habet

660 3731 747 3794 vnde
775 3732 816 3795 sit
843 3731 1029 3796 substancia
1057 3733 1158 3795 eciam
1188 3734 1222 3794 in
1251 3746 1324 3796 actu
1353 3733 1522 3809 distincta,
1551 3747 1847 3816 quantumcunque
1874 3734 1915 3796 sit
1943 3731 1998 3795 illa

660 3838 845 3902 substancia
875 3838 1073 3922 imperfecta,
1100 3852 1393 3923 quantumcunque
1422 3840 1475 3903 ille
1503 3854 1593 3905 actus
1621 3839 1841 3923 imperfectus,
1868 3858 1906 3902 ex
1931 3858 1998 3922 quo

660 3947 757 4011 habet
770 3947 928 4009 actualem
944 3947 1202 4023 distinctionem,
1218 3968 1236 4010 a
1251 3948 1393 4031 quadam
1411 3947 1516 4011 forma
1532 3968 1598 4011 non
1616 3961 1718 4030 potest
1732 3968 1802 4011 eam
1819 3947 1958 4030 recipere
1973 3952 1996 4023 ²,

660 4055 743 4117 sicut
763 4053 866 4117 forma
887 4074 984 4116 suum
1004 4058 1099 4117 esse⁸
1118 4055 1377 4118 substancialiter
1391 4056 1600 4119 tribuentem.
1617 4056 1712 4118 Vnde
1728 4055 1800 4120 licet
1820 4054 1995 4137 perfectum

598 4182 631 4225 30
660 4161 803 4245 perficiat
821 4160 1061 4244 imperfectum,
1083 4182 1151 4225 non
1170 4176 1280 4225 tamen
1303 4163 1527 4246 imperfectum
1548 4163 1638 4246 quod
1658 4176 1770 4227 contra
1792 4164 1901 4245 ipsum
1924 4175 1996 4225 actu

660 4282 706 4332 est
729 4268 933 4332 distinctum.
961 4267 1000 4331 Et
1024 4268 1198 4351 predictam
1224 4271 1400 4346 racionem,
1425 4270 1465 4333 de
1488 4270 1595 4334 forma
1618 4290 1682 4353 que
1705 4283 1751 4334 est
1774 4271 1898 4345 anima,
1921 4269 1997 4334 lacit

661 4374 891 4459 philosophus,
913 4375 977 4439 fine
997 4377 1094 4459 primi
1115 4376 1154 4439 de
1173 4379 1284 4440 anima
1306 4397 1313 4440 ε
1335 4380 1412 4461 quia
1431 4379 1457 4441 si
1478 4380 1696 4462 uegetatiuum
1718 4398 1784 4461 quo
1805 4377 1931 4461 aliquid
1950 4390 1997 4442 est

659 4503 776 4566 corpus
802 4484 930 4559 viuens‚
957 4496 987 4546 et
1013 4484 1206 4547 sensitiuum
1234 4504 1300 4567 quo
1327 4485 1452 4569 aliquid
1480 4499 1527 4548 est
1554 4486 1709 4561 animale,
1735 4499 1842 4548 essent
1869 4485 1996 4549 diuerse

661 4605 764 4674 partes
782 4592 904 4665 anime,
925 4592 1030 4673 arguit
1050 4591 1227 4655 aristoteles
1247 4592 1334 4675 quod
1357 4595 1491 4655 tercium
1513 4606 1674 4675 oporteret
1694 4612 1762 4656 esse
1781 4594 1897 4656 vniens
1922 4593 1993 4668 ista,

598 4717 629 4761 35
658 4712 688 4761 et
703 4698 790 4781 quod
812 4697 893 4760 illud
915 4699 1017 4780 magis
1036 4714 1118 4762 esset
1137 4701 1259 4762 anima.
1282 4699 1364 4782 1511,
1380 4700 1442 4763 col.
1461 4700 1506 4783 b]
1528 4701 1567 4763 Et
1588 4701 1718 4776 iterum,
1738 4701 1765 4763 si
1787 4699 1892 4763 lorma
1914 4712 1996 4764 esset

659 4806 839 4888 composita
859 4825 897 4868 ex
918 4804 1066 4888 pluribus
1088 4806 1232 4889 partibus
1254 4821 1326 4870 actu
1346 4807 1519 4883 distinctis,
1540 4820 1637 4891 prout
1659 4809 1767 4871 uisum
1790 4820 1850 4883 est,
1870 4806 1995 4871 habens

659 4912 799 4977 formam
822 4932 888 4975 non
909 4926 990 4977 esset
1010 4934 1113 4976 vnum
1135 4915 1169 4975 in
1188 4927 1261 4978 actu
1282 4914 1482 4998 simpliciter,
1502 4935 1691 4999 quanquam
1713 4929 1744 4979 et
1762 4915 1891 4979 daretur
1905 4914 1994 4998 quod

741 5138 749 5169 ¹
768 5131 813 5192 llls
826 5165 861 5184 2:
875 5138 997 5209 aliquid.
1019 5171 1052 5178 —
1073 5138 1083 5172 ²
1102 5140 1148 5193 Ms
1161 5166 1196 5184 =
1210 5139 1357 5211 respicere.
1380 5171 1413 5179 -
1433 5140 1444 5172 ⁸
1463 5141 1508 5195 llis
1522 5167 1557 5185 -
1571 5139 1635 5198 sibi.
