4906 6542
1710 859 1760 914 trit

515 1036 672 1107 L’action
693 1030 833 1106 exercee
851 1038 930 1126 plus
948 1038 1198 1127 specialement
1217 1061 1281 1127 par
1298 1032 1420 1106 Albert
1439 1041 1529 1106 dans
1547 1039 1577 1106 le
1594 1040 1762 1107 domaine

426 1157 466 1222 de
488 1157 519 1222 la
540 1155 766 1243 philosophie
786 1171 819 1222 et
838 1157 899 1222 des
916 1156 1084 1235 sciences,
1105 1156 1136 1222 le
1158 1154 1211 1221 133
1231 1177 1294 1243 par
1310 1156 1472 1223 Thomas
1490 1157 1579 1223 dans
1597 1157 1628 1222 la
1646 1156 1761 1244 philo·

425 1272 549 1360 sophie
580 1287 810 1360 proprement
840 1273 911 1338 dite
942 1287 974 1338 et
1005 1272 1036 1338 la
1066 1272 1253 1360 theologie.
1283 1273 1383 1340 Nous
1408 1294 1520 1339 avons
1547 1272 1691 1360 qualifie
1720 1274 1761 1339 de

427 1389 625 1456 revolution
647 1389 678 1455 la
699 1388 993 1463 transformation
1016 1388 1191 1477 profonde
1210 1389 1334 1476 operee
1352 1410 1415 1476 par
1432 1410 1488 1455 ces
1504 1389 1598 1455 deux
1619 1391 1762 1455 31313333

425 1525 487 1570 333
514 1504 547 1571 13
577 1506 704 1593 pensee
735 1504 940 1585 medievale,
970 1519 1004 1571 et
1032 1506 1061 1571 le
1091 1520 1166 1572 mot
1195 1506 1282 1571 n'est
1310 1507 1471 1592 qu'exact
1498 1527 1540 1571 en
1572 1519 1648 1571 tant
1675 1503 1760 1591 qu'il

425 1621 583 1708 exprime
609 1644 658 1689 un
686 1635 831 1710 prompt
855 1637 889 1688 et
913 1622 1108 1708 vigoureux
1132 1624 1289 1710 progres.
1317 1622 1364 1688 Le
1391 1620 1453 1689 fait
1476 1622 1559 1688 etait
1584 1622 1612 1688 si
1638 1621 1762 1689 visible

425 1758 516 1824 pour
544 1738 593 1804 les
618 1738 921 1825 contemporains,
949 1759 1018 1825 que
1045 1738 1074 1803 le
1100 1738 1247 1825 disciple
1272 1752 1306 1804 et
1332 1738 1504 1805 historien
1531 1739 1573 1803 de
1598 1738 1761 1803 Thomas

424 1854 581 1941 d’Aquin
613 1876 633 1920 a
662 1854 802 1943 appuye
832 1834 914 1922 avec
946 1876 1015 1921 une
1046 1868 1281 1942 surprenante
1311 1855 1504 1921 insistance
1534 1875 1597 1921 sur
1623 1875 1661 1921 ce
1693 1875 1761 1941 que

426 1970 571 2037 l’oeuvre
587 1971 630 2037 de
647 1993 712 2037 son
733 1973 858 2037 maltre
875 1972 968 2037 avait
984 1970 1335 2037 d'universellement
1354 1992 1515 2038 nouveau
1535 1994 1542 2035 :
1564 1971 1761 2036 nouveaute

424 2089 466 2152 de
498 2088 677 2168 methode,
711 2088 908 2154 nouveaute
938 2089 979 2154 de
1007 2088 1180 2168 doctrine,
1215 2088 1412 2155 nouveaute
1443 2088 1485 2153 de
1515 2086 1699 2173 questions
1729 2100 1761 2152 et
1812 2091 1814 2094 ’

425 2203 466 2269 33
492 2205 629 2283 333333,
658 2204 856 2270 nouveaute
884 2205 927 2270 de
956 2204 1094 2270 raisons
1121 2218 1154 2270 et
1181 2204 1437 2291 d'arguments,
1467 2203 1664 2269 nouveaute
1692 2223 1761 2289 que

426 2317 649 2407 l’apparition
671 2322 712 2387 de
732 2320 895 2387 Thomas
917 2320 1101 2386 lui-meme
1121 2342 1164 2386 en
1185 2341 1223 2386 33
1244 2321 1376 2386 3113333
1393 2325 1416 2384 ¹.

513 2437 606 2503 C'est
622 2457 748 2504 encore
767 2458 836 2503 une
854 2437 979 2524 pensee
1000 2435 1193 2502 semblable
1209 2436 1271 2523 qui
1293 2437 1426 2523 inspire
1444 2436 1565 2523 l'eloge
1582 2457 1760 2523 pompeux

424 2574 493 2640 que
517 2553 547 2619 le
574 2568 710 2620 recteur
732 2555 774 2620 de
799 2553 1026 2620 l'Universite
1049 2556 1091 2619 de
1116 2554 1215 2620 Paris
1238 2566 1271 2619 et
1295 2553 1326 2619 la
1352 2550 1479 2619 1333133
1503 2553 1564 2618 333
1587 2567 1659 2617 3333
1685 2572 1761 2639 pro-

427 2684 594 2749 noncent,
624 2691 686 2735 sur
715 2669 746 2736 13
775 2672 895 2737 3331113
923 2671 942 2736 a
973 2670 1073 2757 peine
1102 2667 1232 2735 fermee
1260 2669 1302 2735 de
1331 2669 1407 2734 leur
1435 2668 1559 2736 ancien
1589 2668 1759 2755 collegae,

424 2807 516 2873 pour
535 2787 731 2852 demander
749 2807 794 2852 au
816 2786 983 2873 Chapitre
1004 2786 1143 2873 general
1166 2786 1226 2852 des
1245 2786 1368 2851 Freres
1390 2785 1587 2851 Precheurs
1607 2785 1637 2851 le
1657 2805 1760 2871 corps

424 2902 470 2967 du
493 2902 605 2988 grand
630 2903 784 2969 Docteur
802 2918 835 2969 et
855 2924 908 2969 ses
928 2904 1088 2969 derniers
1107 2902 1211 2968 ecrits
1231 2901 1540 2989 philosophiques.
1562 2902 1657 2967 Pour
1677 2921 1759 2979 eux,

426 3016 447 3082 il
477 3032 528 3084 est
556 3019 586 3084 le
615 3019 714 3085 soleil
743 3018 805 3106 qui
834 3019 990 3085 eclairait
1016 3018 1046 3084 le
1074 3019 1205 3085 monde
1231 3032 1264 3084 et
1290 3018 1443 3105 l'Eglise,
1473 3017 1592 3084 donne
1618 3037 1681 3103 par
1710 3038 1759 3082 un

424 3134 591 3221 privilege
623 3135 751 3221 special
784 3136 826 3201 de
859 3136 969 3215 Dieu,
1002 3156 1062 3202 car
1093 3134 1237 3200 suivant
1270 3155 1339 3200 une
1371 3135 1490 3222 parole
1522 3135 1583 3200 des
1614 3134 1760 3199 enciens

423 3249 667 3339 philosophes,
686 3252 771 3318 celle
789 3253 906 3317 meme
922 3252 1031 3337 qu'on
1049 3254 1143 3321 avait
1159 3252 1346 3341 appliquee
1363 3253 1382 3317 3
1400 3251 1565 3331 33133333,
1586 3250 1616 3317 13
1636 3263 1760 3315 333333

423 3367 587 3433 3331111313
604 3368 727 3435 l’avoir
744 3369 888 3456 produit
904 3390 995 3456 pour
1011 3370 1167 3436 devoiler
1184 3391 1238 3436 ses
1255 3384 1383 3436 secrets
1400 3375 1423 3433 ‘-'.

514 3484 635 3565 Enfin,
661 3505 723 3551 sur
747 3485 777 3551 le
801 3486 932 3552 terrain
959 3487 1087 3573 special
1109 3488 1151 3553 de
1175 3487 1208 3553 la
1232 3486 1408 3573 theologie
1432 3500 1464 3552 et
1488 3487 1577 3551 dans
1602 3484 1632 3550 le
1655 3502 1759 3569 camp

515 3787 609 3842 ¹Erat
633 3788 710 3842 enim
737 3805 826 3843 novos
851 3789 882 3843 in'
905 3806 958 3845 sua
981 3790 1103 3845 lectione
1127 3807 1249 3846 movens
1275 3791 1423 3856 articulos,
1449 3806 1555 3844 novum
1582 3787 1706 3843 modum
1732 3799 1760 3842 et

423 3877 533 3930 clarum
553 3877 766 3932 determinandl
787 3878 937 3934 inveniens
956 3892 983 3934 et
998 3897 1088 3934 novas
1107 3880 1248 3935 reducens
1267 3880 1296 3934 13
1312 3879 1605 3935 determinationibus
1621 3877 1757 3941 33313333,

424 3975 456 4019 33
481 3981 580 4033 neme,
603 3966 654 4036 qui
678 3966 775 4037 ipsum
799 3967 930 4023 audisset
953 3985 1027 4022 nova
1050 3969 1153 4023 docere
1175 3982 1203 4025 et
1226 3969 1310 4023 novis
1331 3968 1494 4024 rationibus
1516 3968 1606 4022 dubia
1628 3966 1757 4030 definire,

423 4053 578 4119 dubitaret,
601 4055 681 4125 quod
704 4073 771 4111 eum
795 4058 872 4112 Deus
893 4058 962 4111 novi
981 4058 1103 4113 luminis
1123 4058 1210 4113 radiis
1233 4059 1397 4123 illustraret,
1420 4057 1470 4128 qui
1492 4056 1589 4112 statim
1611 4067 1669 4110 tam
1689 4054 1757 4109 certi

423 4143 566 4215 coepisset
590 4143 678 4217 [esse]
700 4144 812 4213 judicii,
837 4158 870 4201 ut
893 4163 952 4201 non
975 4146 1131 4214 dubitaret,
1157 4164 1248 4202 novos
1270 4148 1424 4219 opiniones
1446 4147 1549 4201 docere
1572 4157 1600 4200 et
1624 4144 1756 4209 scribere,

423 4250 497 4303 quas
524 4234 602 4288 Deus
629 4233 766 4303 dignatus
789 4248 865 4291 esset
887 4237 1004 4291 noviter
1029 4237 1178 4309 inspirare.
1203 4237 1370 4292 Guillaume
1393 4236 1428 4290 de
1450 4236 1562 4305 Tocco,
1584 4234 1657 4289 dans
1681 4235 1757 4287 dcto

423 4321 615 4387 Sanctorum,
633 4340 669 4376 vu
685 4323 790 4389 martii,
807 4341 835 4378 n.
855 4326 894 4378 15.

511 4411 522 4442 ¹
540 4411 614 4481 Quis
630 4425 727 4483 posset
740 4414 873 4468 estimare
887 4414 1017 4469 divinam
1033 4415 1245 4486 providentiam
1262 4415 1435 4486 permisisse,
1453 4416 1564 4469 stellam
1582 4413 1756 4468 matutinam

423 4500 649 4570 preeminentem
678 4501 707 4555 in
736 4502 860 4568 munda,
889 4502 973 4571 jubar
1000 4504 1028 4558 in
1057 4507 1151 4560 lucem
1180 4505 1280 4569 seculi,
1309 4504 1402 4558 immo
1432 4516 1464 4559 ut
1490 4502 1585 4557 verius
1611 4501 1756 4566 dicamus,

424 4589 565 4644 luminare
586 4590 691 4659 majus,
709 4590 790 4661 quod
812 4604 922 4663 preerat
936 4593 1003 4658 3131,
1024 4610 1094 4648 3333
1113 4594 1209 4648 333133
1228 4592 1403 4648 retraxisse?
1424 4594 1510 4648 Plane
1529 4608 1587 4646 non
1609 4592 1757 4646 irrationa-

424 4678 517 4733 biliter
536 4678 702 4747 judicamus
722 4683 812 4735 solem
833 4698 921 4737 suum
942 4698 1090 4737 revocasse
1111 4682 1253 4753 fulgorem
1275 4695 1302 4738 et
1321 4699 1441 4754 passum
1464 4683 1552 4737 luisse
1573 4682 1755 4736 tenebrosam

423 4782 456 4821 ac
470 4767 670 4838 inoppinatam
690 4770 832 4841 eclipsim,
848 4770 920 4826 dum
937 4772 989 4827 toti
1005 4772 1123 4826 ecclesie
1139 4772 1210 4827 33331
1227 4772 1390 4843 splendoris
1407 4771 1505 4827 radius
1519 4783 1562 4826 est
1578 4771 1755 4825 subtractus.

423 4855 459 4911 Et
477 4857 542 4911 licet
560 4873 619 4911 non
640 4858 809 4927 ignoremus
827 4860 1009 4915 conditorem
1029 4874 1131 4917 nature
1147 4861 1244 4933 ipsum
1261 4862 1313 4916 toti
1329 4860 1443 4917 mundo
1458 4861 1493 4915 ad
1509 4872 1625 4930 tempus
1641 4859 1756 4930 speciali

424 4946 571 5016 privilegio
590 4948 778 5015 concessisse,
794 4949 1007 5005 nichilominus
1022 4950 1044 5005 si
1059 4950 1249 5021 antiquorum
1268 4951 1514 5022 philosophorum
1533 4948 1756 5005 auctoritatibus

424 5036 562 5090 vellemus
576 5034 672 5101 inniti,
687 5054 755 5091 eum
771 5037 925 5094 videbatur
939 5039 1109 5111 simpliciter
1124 5040 1257 5111 posuisse
1272 5053 1376 5095 natura
1390 5040 1425 5094 ad
1441 5038 1649 5094 elucidandum
1665 5037 1756 5108 ipsius

422 5124 546 5178 occulta.
564 5124 848 5203 Denifle-Chatelain,
866 5126 967 5182 Chart.
987 5126 1073 5182 Univ.
1090 5127 1201 5194 Paris,
1218 5128 1239 5194 l,
1257 5145 1285 5200 p.
1301 5130 1361 5200 504.
