4892 6540
1257 881 1460 945 ..28-

690 1065 830 1150 quedam
857 1065 898 1129 ad
926 1065 1011 1150 plus,
1035 1064 1176 1149 quedam
1201 1064 1242 1129 ad
1267 1065 1397 1143 minus;
1423 1077 1534 1129 tamen
1557 1065 1670 1129 omnia
1694 1066 1887 1149 participant
1908 1066 2022 1131 vitam.

691 1173 877 1254 Queramus
896 1193 971 1257 ergo
986 1186 1093 1237 vtrum
1112 1173 1304 1256 participant
1317 1173 1419 1236 vitam
1441 1171 1621 1236 intellectus
1636 1185 1693 1235 aut
1708 1192 1787 1236 non.
1806 1172 1885 1239 Etsi
1900 1173 2025 1237 dicatur

690 1280 779 1363 quod
805 1300 885 1356 non,
908 1282 1054 1364 sequitur
1075 1280 1254 1344 necessario
1279 1281 1426 1342 animam
1450 1299 1513 1362 que
1536 1292 1583 1344 est
1607 1278 1712 1343 forma
1738 1279 1884 1344 hominis
1907 1300 2024 1363 corpus

692 1387 809 1450 habere
830 1387 871 1450 ad
893 1386 1113 1450 substanciam
1136 1400 1166 1450 et
1188 1386 1428 1469 vegetacionem
1451 1398 1481 1449 et
1503 1404 1570 1449 non
1594 1386 1635 1449 ad
1660 1386 1871 1450 intellectum.
1897 1386 2025 1471 Corpus

648 1512 661 1556 5
691 1495 788 1577 igitur
802 1494 948 1558 hominis
964 1513 1030 1557 non
1047 1495 1106 1558 erit
1119 1496 1229 1557 anime
1245 1494 1397 1557 racionali
1414 1494 1593 1577 proprium,
1610 1506 1641 1557 et
1655 1494 1700 1556 sic
1714 1495 1859 1578 sequitur
1873 1494 2025 1558 tettonica

690 1601 866 1684 tybicinem
891 1601 1004 1679 indui3
1030 1614 1158 1684 propter
1180 1600 1269 1684 quod
1292 1619 1420 1663 necesse
1441 1612 1488 1663 est
1508 1598 1613 1662 dicere
1634 1599 1722 1683 quod
1743 1601 1856 1663 omnia
1878 1600 2025 1664 membra

690 1710 810 1771 viuunt
831 1708 942 1770 anima
967 1708 1133 1783 racionali,
1149 1709 1232 1770 sicut
1253 1707 1366 1770 omnia
1389 1706 1605 1770 instrumenta
1626 1709 1757 1770 textoris
1779 1706 1962 1771 formantur
1983 1706 2024 1771 ad

690 1817 821 1878 textoris
849 1816 1088 1898 operacionem,
1115 1827 1146 1877 et
1171 1813 1259 1895 quod
1288 1813 1420 1895 spiritus
1446 1815 1478 1876 in
1508 1813 1643 1877 homine
1671 1833 1737 1877 non
1765 1829 1812 1876 est
1838 1813 1943 1877 forma
1970 1814 2024 1878 sed

691 1923 839 2004 potencia
857 1923 968 1985 anime
988 1920 1170 1985 racionalis.
1193 1920 1232 1983 Et
1252 1919 1323 1983 ideo
1342 1933 1466 2004 oportet
1484 1919 1588 1983 dicere
1609 1920 1694 1984 idem
1715 1921 1755 1984 de
1773 1922 1963 2005 vegetatiua.
1987 1921 2025 1985 Et

632 2060 661 2091 10
691 2029 768 2091 hinc
782 2041 829 2092 est
842 2029 931 2112 quod
951 2048 1025 2092 caro
1044 2028 1189 2091 hominis
1204 2026 1312 2092 differt
1327 2028 1462 2110 speclea
1479 2028 1636 2092 membris
1654 2029 1794 2092 aliorum
1815 2029 2022 2094 animalium.

693 2135 739 2198 Ex
765 2136 827 2200 hoc
851 2150 960 2200 autem
988 2136 1133 2220 sequitur
1159 2135 1264 2218 [πω]
1291 2134 1392 2218 quod,
1418 2149 1475 2199 aut
1503 2148 1568 2199 tota
1596 2139 1817 2220 corrumpitur
1841 2136 2022 2200 secundum

689 2256 797 2307 actum
815 2243 1078 2317 substantialem,
1095 2255 1151 2306 aut
1166 2243 1192 2305 si
1208 2242 1353 2306 saluatur
1367 2242 1548 2306 secundum
1568 2243 1803 2320 substanciam,
1819 2244 1906 2328 quod
1922 2246 2023 2308 eciam

690 2351 834 2415 saluetur
860 2351 1040 2415 secundum
1070 2364 1175 2414 totum
1206 2351 1237 2413 id
1266 2350 1353 2434 quod
1383 2364 1430 2414 est
1458 2350 1564 2414 forma
1598 2350 1744 2414 hominis
1772 2365 1808 2415 ut
1836 2351 1937 2415 homo
1964 2365 2022 2416 est.

690 2458 844 2524 Saluatur
864 2472 972 2522 autem
995 2458 1176 2522 secundum
1200 2458 1435 2534 substanciam,
1451 2473 1486 2521 ut
1507 2459 1585 2521 dicit
1606 2458 1792 2522 Aristoteles
1814 2460 1848 2521 in
1863 2460 1912 2541 xj0
1927 2472 2025 2523 meta-

632 2583 660 2626 15
691 2566 833 2650 physice,
860 2572 892 2631 et'
917 2567 950 2628 in
979 2566 1090 2629 multis
1118 2566 1191 2629 aliis
1218 2565 1317 2642 locis;
1344 2579 1375 2629 et
1401 2585 1461 2629 nos
1489 2566 1701 2650 probauimus
1727 2566 1789 2629 hoc
1815 2568 1849 2628 in
1876 2566 1960 2630 libro
1985 2566 2025 2630 de

691 2674 933 2737 immortalitate
952 2675 1074 2737 anime.
1095 2674 1231 2756 Oportet
1249 2692 1324 2756 ergo
1338 2673 1426 2756 quod
1446 2673 1628 2736 secundum
1648 2675 1762 2737 omnia
1781 2673 1949 2738 saluentur
1962 2694 2025 2758 que

690 2784 724 2843 in
747 2782 815 2864 ipsa
838 2794 927 2857 sunt,
948 2795 983 2844 ut
1005 2781 1151 2864 potencie
1173 2781 1286 2863 ipsius.
1312 2780 1367 2843 Est
1386 2793 1494 2844 autem
1518 2783 1736 2863 uegetativum
1760 2782 1793 2843 in
1817 2781 1975 2857 sensibili,
1995 2795 2025 2845 et

690 2887 842 2951 sensibile
862 2888 895 2950 in
917 2887 1082 2964 racionali,
1104 2890 1186 2951 sicut
1205 2888 1372 2971 trigonum
1394 2889 1427 2950 in
1447 2901 1624 2971 tetragono.
1646 2888 1798 2953 Saluatur
1812 2909 1887 2972 ergo
1902 2901 2024 2972 vegeta·

690 2994 755 3058 bile
774 3008 804 3058 et
823 2994 976 3058 sensibile
996 3015 1051 3078 per
1070 2994 1212 3078 aliquem
1235 2994 1384 3058 modum.
1408 2995 1481 3058 Non
1502 3008 1609 3058 autem
1631 2995 1722 3060 aliter
1736 2996 1853 3059 saluari
1876 3009 2023 3079 possunt,

629 3130 661 3162 20
691 3103 754 3165 nisi
779 3116 875 3186 prout
901 3104 1035 3166 suntin
1060 3102 1214 3165 rationali
1242 3115 1277 3165 ut
1304 3104 1450 3185 potencie
1476 3103 1589 3185 ipsius.
1618 3103 1771 3166 Saluatur
1794 3105 1890 3186 igitur
1913 3105 2024 3166 anima

690 3210 837 3272 hominis
857 3228 915 3293 pro
934 3222 971 3272 ut
990 3210 1024 3272 in
1046 3210 1114 3292 ipsa
1134 3224 1180 3274 est
1199 3211 1417 3292 vegetatiuum
1439 3223 1469 3273 et
1487 3211 1682 3273 sensitiuum
1704 3230 1771 3273 non
1792 3223 1828 3274 ut
1846 3223 1948 3287 actus,
1969 3211 2024 3274 sed

690 3330 726 3380 ut
741 3317 889 3399 potencia
904 3316 1075 3380 racionalis
1089 3318 1211 3380 anime·
1229 3316 1300 3380 Hoc
1314 3336 1390 3400 ergo
1401 3316 1538 3393 dictum,
1556 3337 1621 3380 non
1638 3331 1704 3381 erat
1718 3318 1840 3382 dictum
1857 3319 2023 3401 sapientis,

690 3425 767 3507 quia
786 3437 852 3487 tota
870 3424 983 3486 anima
1003 3424 1160 3500 hominis,
1181 3426 1281 3487 eciam
1303 3427 1336 3487 in
1357 3425 1498 3502 ossibus,
1516 3445 1582 3488 non
1602 3439 1650 3489 est
1669 3424 1773 3489 forma
1795 3425 1941 3489 hominis
1961 3427 2023 3488 nisi

691 3545 787 3614 prout
807 3543 855 3593 est
877 3531 1059 3607 racionalis,
1082 3532 1146 3595 vita
1169 3533 1308 3595 racionis
1329 3533 1485 3596 omnibus
1509 3532 1663 3595 influens.
1688 3533 1820 3615 Propter
1838 3532 1926 3616 quod
1948 3532 2025 3597 dicit

628 3658 659 3701 25
690 3637 866 3702 aristoteles
896 3658 1031 3702 manum
1061 3658 1129 3703 esse
1157 3659 1316 3722 organum
1346 3641 1539 3703 intellectus.
1558 3640 1597 3703 Et
1622 3643 1705 3704 sicut
1731 3660 1797 3704 non
1828 3642 1890 3704 nisi
1920 3640 2025 3705 forma

690 3746 872 3809 intellectus
884 3759 931 3809 est
945 3747 978 3808 in
995 3748 1098 3810 securi
1113 3760 1144 3810 et
1158 3748 1242 3810 ascia
1255 3760 1285 3811 et
1298 3747 1431 3810 dolabra
1444 3762 1475 3811 et
1489 3750 1522 3810 in
1538 3767 1629 3823 auro,
1639 3748 1737 3831 lignis
1751 3762 1782 3812 et
1796 3747 1971 3831 lapidibus
1982 3750 2024 3812 ita

690 3853 796 3917 forma
810 3855 920 3917 anime
936 3854 1119 3930 racionalis,
1130 3874 1187 3936 pro
1203 3869 1238 3918 ut
1253 3853 1358 3918 forma
1374 3855 1613 3932 racionalis‚est
1628 3857 1661 3918 in
1677 3856 1856 3919 omnibus¹
1869 3856 2025 3919 membris

689 3960 828 4024 humani
843 3962 1008 4044 corporis3
1024 3981 1087 4044 que
1101 3961 1235 4045 quidem
1251 3975 1417 4045 separatur
1431 3963 1611 4026 secundum
1632 3963 1852 4026 substanciam
1868 3976 1898 4026 et
1913 3981 2024 4026 secun-

690 4069 770 4132 dum
795 4068 973 4152 quamdam
999 4072 1238 4152 operacionem.
1266 4069 1303 4133 ln
1327 4070 1479 4153 operibus
1503 4084 1611 4133 autem
1637 4071 1834 4154 quibusdam
1860 4084 2025 4152 separatur

629 4196 661 4240 3ο
690 4176 870 4239 secundum
901 4178 1082 4260 potenciam
1107 4191 1138 4241 et
1161 4177 1342 4241 secundum
1369 4180 1608 4261 operationem,
1633 4179 1716 4241 sicut
1741 4198 1791 4241 ars
1817 4190 2023 4261 separatura

691 4285 810 4347 securis
824 4286 1015 4367 operatione
1037 4300 1068 4349 et
1087 4286 1182 4361 ascie,
1198 4286 1351 4368 quamuis
1373 4285 1516 4349 saluetur
1537 4285 1716 4349 secundum
1742 4286 1936 4368 potenciam.
1955 4284 2024 4348 lloc

692 4393 789 4474 igitur
811 4392 934 4455 dictum
963 4412 1028 4456 non
1056 4391 1117 4456 fuit
1139 4393 1319 4456 secundum
1347 4393 1601 4476 philosophiam.

772 4499 889 4564 Vtrum
920 4513 1028 4564 autem
1057 4501 1168 4563 anima
1195 4501 1371 4585 corporalis
1399 4503 1440 4565 sit
1465 4502 1515 4565 vel
1545 4521 1625 4579 non,
1652 4502 1693 4565 ad
1722 4504 1924 4585 propositum
1956 4522 2021 4566 non

692 4608 829 4690 pertinet
847 4620 877 4670 et
895 4606 936 4669 ad
957 4608 1155 4690 propositam
1176 4609 1410 4684 intencionem,
1430 4609 1507 4691 quia
1527 4609 1567 4673 de
1587 4622 1701 4673 natura
1723 4629 1789 4673 non
1810 4614 1822 4654 ²
1840 4611 2022 4694 querimus,

629 4734 660 4778 ss
690 4714 745 4778 sed
764 4727 876 4778 contra
896 4715 1094 4797 posicionem
1111 4717 1289 4798 quamdam
1305 4715 1523 4799 disputamus
1546 4717 1617 4780 Hoc
1634 4732 1743 4781 autem
1763 4738 1859 4781 causa
1874 4733 1921 4781 est
1935 4718 2022 4802 quod

690 4822 830 4904 theologi
845 4822 960 4886 dicunt
977 4841 1112 4905 corpora
1132 4822 1279 4886 humana
1293 4823 1334 4887 ab
1350 4824 1527 4888 immortali
1547 4827 1659 4889 anima
1678 4826 1819 4908 accipere
1839 4827 2022 4909 potenciam

690 4929 730 4993 ad
752 4930 1045 5013 incorrupcionem.
1068 4930 1166 4994 Nulla
1185 4933 1274 4994 enim
1295 4930 1400 4995 forma
1419 4946 1544 5016 estque
1563 4952 1629 4996 non
1651 4947 1752 4999 totam
1773 4934 1941 5000 materiam
1961 4932 2022 4999 sibi

773 5155 781 5186 ¹
801 5154 846 5209 lllls
864 5154 959 5224 l-est.
982 5186 1015 5195 -
1034 5153 1046 5186 ⁸
1066 5153 1199 5229 Manque
1212 5155 1288 5210 dans
1303 5155 1331 5209 le
1346 5173 1398 5212 ms.
