<?xml version="1.0" encoding="UTF-8"?>
<!DOCTYPE html PUBLIC "-//W3C//DTD XHTML 1.0 Transitional//EN"
    "http://www.w3.org/TR/xhtml1/DTD/xhtml1-transitional.dtd">
<html xmlns="http://www.w3.org/1999/xhtml" xml:lang="en" lang="en">
 <head>
  <title>
</title>
<meta http-equiv="Content-Type" content="text/html;charset=utf-8" />
  <meta name='ocr-system' content='tesseract 3.04.00' />
  <meta name='ocr-capabilities' content='ocr_page ocr_carea ocr_par ocr_line ocrx_word'/>
</head>
<body>
  <div class='ocr_page' id='page_1' title='image "./sigerdebrabante00albegoog_0351.png"; bbox 0 0 4892 6540; ppageno 0'>
   <div class='ocr_carea' id='block_1_1' title="bbox 977 893 1181 969">
    <p class='ocr_par' dir='ltr' id='par_1_1' title="bbox 977 893 1181 969">
     <span class='ocr_line' id='line_1_1' title="bbox 977 893 1181 969; baseline 0 -38"><span class='ocrx_word' id='word_1_1' title='bbox 977 893 1181 969; x_wconf 53' lang='lat'><strong>„2:194</strong></span> 
     </span>
    </p>
   </div>
   <div class='ocr_carea' id='block_1_2' title="bbox 409 1056 1817 5020">
    <p class='ocr_par' dir='ltr' id='par_1_2' title="bbox 409 1056 1817 5020">
     <span class='ocr_line' id='line_1_2' title="bbox 412 1056 1747 1157; baseline 0.01 -28"><span class='ocrx_word' id='word_1_2' title='bbox 412 1056 632 1133; x_wconf 72' lang='lat' dir='ltr'>illustracione</span> <span class='ocrx_word' id='word_1_3' title='bbox 652 1070 919 1155; x_wconf 83' lang='lat' dir='ltr'><strong>intelligibilium.</strong></span> <span class='ocrx_word' id='word_1_4' title='bbox 942 1072 982 1136; x_wconf 91' lang='lat' dir='ltr'><strong>Et</strong></span> <span class='ocrx_word' id='word_1_5' title='bbox 995 1074 1078 1137; x_wconf 90' lang='lat' dir='ltr'><strong>sicut</strong></span> <span class='ocrx_word' id='word_1_6' title='bbox 1092 1073 1308 1157; x_wconf 80' lang='lat' dir='ltr'><strong>intelligencie</strong></span> <span class='ocrx_word' id='word_1_7' title='bbox 1323 1074 1431 1138; x_wconf 92' lang='lat' dir='ltr'><strong>ultimi</strong></span> <span class='ocrx_word' id='word_1_8' title='bbox 1446 1076 1534 1139; x_wconf 88' lang='lat' dir='ltr'><strong>orbis</strong></span> <span class='ocrx_word' id='word_1_9' title='bbox 1549 1097 1582 1141; x_wconf 90' lang='lat' dir='ltr'><strong>se</strong></span> <span class='ocrx_word' id='word_1_10' title='bbox 1596 1077 1692 1143; x_wconf 88' lang='lat' dir='ltr'><strong>habet</strong></span> <span class='ocrx_word' id='word_1_11' title='bbox 1706 1068 1747 1142; x_wconf 89' lang='lat' dir='ltr'><strong>ad</strong></span> 
     </span>
     <span class='ocr_line' id='line_1_3' title="bbox 412 1176 1748 1269; baseline 0.009 -32"><span class='ocrx_word' id='word_1_12' title='bbox 412 1176 576 1257; x_wconf 92' lang='lat' dir='ltr'><strong>potencias</strong></span> <span class='ocrx_word' id='word_1_13' title='bbox 590 1176 839 1255; x_wconf 87' lang='lat' dir='ltr'><strong>elementorum,</strong></span> <span class='ocrx_word' id='word_1_14' title='bbox 853 1180 898 1242; x_wconf 91' lang='lat' dir='ltr'><strong>sic</strong></span> <span class='ocrx_word' id='word_1_15' title='bbox 911 1199 943 1242; x_wconf 92' lang='lat' dir='ltr'><strong>se</strong></span> <span class='ocrx_word' id='word_1_16' title='bbox 959 1180 1055 1244; x_wconf 90' lang='lat' dir='ltr'><strong>habet</strong></span> <span class='ocrx_word' id='word_1_17' title='bbox 1069 1182 1181 1244; x_wconf 88' lang='lat' dir='ltr'><strong>anima</strong></span> <span class='ocrx_word' id='word_1_18' title='bbox 1193 1180 1232 1244; x_wconf 94' lang='lat' dir='ltr'><strong>ad</strong></span> <span class='ocrx_word' id='word_1_19' title='bbox 1246 1181 1475 1247; x_wconf 87' lang='lat' dir='ltr'><strong>distincciones</strong></span> <span class='ocrx_word' id='word_1_20' title='bbox 1487 1197 1517 1247; x_wconf 93' lang='lat' dir='ltr'><strong>et</strong></span> <span class='ocrx_word' id='word_1_21' title='bbox 1529 1185 1748 1269; x_wconf 71' lang='lat' dir='ltr'><strong>ope[208v]ra-</strong></span> 
     </span>
     <span class='ocr_line' id='line_1_4' title="bbox 411 1283 1748 1377; baseline 0.01 -34"><span class='ocrx_word' id='word_1_22' title='bbox 411 1283 521 1346; x_wconf 90' lang='lat' dir='ltr'><strong>ciones</strong></span> <span class='ocrx_word' id='word_1_23' title='bbox 540 1302 748 1368; x_wconf 84' lang='lat' dir='ltr'>organorum.</span> <span class='ocrx_word' id='word_1_24' title='bbox 771 1285 805 1349; x_wconf 91' lang='lat' dir='ltr'><strong>Si</strong></span> <span class='ocrx_word' id='word_1_25' title='bbox 825 1288 899 1369; x_wconf 90' lang='lat' dir='ltr'><strong>quis</strong></span> <span class='ocrx_word' id='word_1_26' title='bbox 918 1301 1026 1351; x_wconf 92' lang='lat' dir='ltr'><strong>autem</strong></span> <span class='ocrx_word' id='word_1_27' title='bbox 1047 1287 1165 1351; x_wconf 89' lang='lat' dir='ltr'><strong>diceret</strong></span> <span class='ocrx_word' id='word_1_28' title='bbox 1184 1288 1272 1371; x_wconf 93' lang='lat' dir='ltr'><strong>quod</strong></span> <span class='ocrx_word' id='word_1_29' title='bbox 1295 1308 1361 1352; x_wconf 92' lang='lat' dir='ltr'><strong>non</strong></span> <span class='ocrx_word' id='word_1_30' title='bbox 1383 1303 1430 1353; x_wconf 89' lang='lat' dir='ltr'><strong>est</strong></span> <span class='ocrx_word' id='word_1_31' title='bbox 1450 1290 1664 1374; x_wconf 90' lang='lat' dir='ltr'><strong>intelligencia</strong></span> <span class='ocrx_word' id='word_1_32' title='bbox 1684 1313 1748 1377; x_wconf 90' lang='lat' dir='ltr'><strong>que</strong></span> 
     </span>
     <span class='ocr_line' id='line_1_5' title="bbox 411 1392 1747 1482; baseline 0.008 -30"><span class='ocrx_word' id='word_1_33' title='bbox 411 1404 561 1473; x_wconf 85' lang='lat' dir='ltr'>operatur</span> <span class='ocrx_word' id='word_1_34' title='bbox 583 1392 616 1454; x_wconf 94' lang='lat' dir='ltr'><strong>in</strong></span> <span class='ocrx_word' id='word_1_35' title='bbox 641 1412 732 1475; x_wconf 90' lang='lat' dir='ltr'><strong>spera</strong></span> <span class='ocrx_word' id='word_1_36' title='bbox 755 1394 951 1470; x_wconf 88' lang='lat' dir='ltr'><strong>actiuorum,</strong></span> <span class='ocrx_word' id='word_1_37' title='bbox 974 1394 1029 1457; x_wconf 90' lang='lat' dir='ltr'><strong>sed</strong></span> <span class='ocrx_word' id='word_1_38' title='bbox 1054 1408 1181 1470; x_wconf 88' lang='lat' dir='ltr'><strong>natura,</strong></span> <span class='ocrx_word' id='word_1_39' title='bbox 1203 1397 1403 1479; x_wconf 83' lang='lat' dir='ltr'><strong>quicumque</strong></span> <span class='ocrx_word' id='word_1_40' title='bbox 1425 1397 1486 1460; x_wconf 92' lang='lat' dir='ltr'><strong>hoc</strong></span> <span class='ocrx_word' id='word_1_41' title='bbox 1506 1398 1585 1462; x_wconf 89' lang='lat' dir='ltr'><strong>dicit</strong></span> <span class='ocrx_word' id='word_1_42' title='bbox 1606 1399 1747 1482; x_wconf 83' lang='lat' dir='ltr'><strong>philoso</strong></span> 
     </span>
     <span class='ocr_line' id='line_1_6' title="bbox 413 1496 1791 1588; baseline 0.012 -30"><span class='ocrx_word' id='word_1_43' title='bbox 413 1496 523 1578; x_wconf 90' lang='lat' dir='ltr'><strong>phiam</strong></span> <span class='ocrx_word' id='word_1_44' title='bbox 545 1499 657 1562; x_wconf 87' lang='lat' dir='ltr'><strong>nescit.</strong></span> <span class='ocrx_word' id='word_1_45' title='bbox 679 1498 803 1564; x_wconf 90' lang='lat' dir='ltr'><strong>Totum</strong></span> <span class='ocrx_word' id='word_1_46' title='bbox 824 1502 912 1564; x_wconf 92' lang='lat' dir='ltr'><strong>enim</strong></span> <span class='ocrx_word' id='word_1_47' title='bbox 933 1521 1015 1584; x_wconf 90' lang='lat' dir='ltr'><strong>opus</strong></span> <span class='ocrx_word' id='word_1_48' title='bbox 1036 1515 1149 1565; x_wconf 87' lang='lat' dir='ltr'><strong>nature</strong></span> <span class='ocrx_word' id='word_1_49' title='bbox 1173 1502 1344 1585; x_wconf 92' lang='lat' dir='ltr'><strong>probatum</strong></span> <span class='ocrx_word' id='word_1_50' title='bbox 1367 1517 1414 1567; x_wconf 90' lang='lat' dir='ltr'><strong>est</strong></span> <span class='ocrx_word' id='word_1_51' title='bbox 1435 1524 1503 1568; x_wconf 86' lang='lat' dir='ltr'><strong>esse</strong></span> <span class='ocrx_word' id='word_1_52' title='bbox 1524 1524 1607 1588; x_wconf 89' lang='lat' dir='ltr'><strong>opus</strong></span> <span class='ocrx_word' id='word_1_53' title='bbox 1630 1506 1747 1571; x_wconf 93' lang='lat' dir='ltr'><strong>intelli·</strong></span> <span class='ocrx_word' id='word_1_54' title='bbox 1776 1527 1791 1574; x_wconf 76' lang='lat' dir='ltr'><strong>s</strong></span> 
     </span>
     <span class='ocr_line' id='line_1_7' title="bbox 411 1606 1745 1694; baseline 0.009 -28"><span class='ocrx_word' id='word_1_55' title='bbox 411 1606 522 1686; x_wconf 88' lang='lat' dir='ltr'><strong>gencie</strong></span> <span class='ocrx_word' id='word_1_56' title='bbox 548 1626 602 1688; x_wconf 93' lang='lat' dir='ltr'><strong>per</strong></span> <span class='ocrx_word' id='word_1_57' title='bbox 623 1606 685 1670; x_wconf 90' lang='lat' dir='ltr'><strong>hoc</strong></span> <span class='ocrx_word' id='word_1_58' title='bbox 706 1608 794 1689; x_wconf 92' lang='lat' dir='ltr'><strong>quod</strong></span> <span class='ocrx_word' id='word_1_59' title='bbox 816 1628 892 1671; x_wconf 91' lang='lat' dir='ltr'><strong>cum</strong></span> <span class='ocrx_word' id='word_1_60' title='bbox 915 1610 1043 1673; x_wconf 86' lang='lat' dir='ltr'><strong>racione</strong></span> <span class='ocrx_word' id='word_1_61' title='bbox 1063 1609 1138 1673; x_wconf 87' lang='lat' dir='ltr'><strong>finis</strong></span> <span class='ocrx_word' id='word_1_62' title='bbox 1160 1609 1278 1674; x_wconf 80' lang='lat' dir='ltr'><strong>format</strong></span> <span class='ocrx_word' id='word_1_63' title='bbox 1298 1623 1329 1674; x_wconf 90' lang='lat' dir='ltr'><strong>et</strong></span> <span class='ocrx_word' id='word_1_64' title='bbox 1349 1625 1499 1694; x_wconf 82' lang='lat' dir='ltr'><strong>operatur</strong></span> <span class='ocrx_word' id='word_1_65' title='bbox 1516 1612 1656 1688; x_wconf 86' lang='lat' dir='ltr'><strong>diuersa,</strong></span> <span class='ocrx_word' id='word_1_66' title='bbox 1679 1627 1745 1677; x_wconf 88' lang='lat' dir='ltr'><strong>tam</strong></span> 
     </span>
     <span class='ocr_line' id='line_1_8' title="bbox 413 1711 1745 1801; baseline 0.009 -29"><span class='ocrx_word' id='word_1_67' title='bbox 413 1711 446 1773; x_wconf 92' lang='lat' dir='ltr'><strong>in</strong></span> <span class='ocrx_word' id='word_1_68' title='bbox 467 1711 587 1794; x_wconf 89' lang='lat' dir='ltr'><strong>plantis</strong></span> <span class='ocrx_word' id='word_1_69' title='bbox 606 1734 704 1797; x_wconf 90' lang='lat' dir='ltr'><strong>quam</strong></span> <span class='ocrx_word' id='word_1_70' title='bbox 726 1715 760 1777; x_wconf 91' lang='lat' dir='ltr'><strong>in</strong></span> <span class='ocrx_word' id='word_1_71' title='bbox 780 1715 979 1780; x_wconf 85' lang='lat' dir='ltr'><strong>animalibus</strong></span> <span class='ocrx_word' id='word_1_72' title='bbox 999 1730 1029 1780; x_wconf 93' lang='lat' dir='ltr'><strong>et</strong></span> <span class='ocrx_word' id='word_1_73' title='bbox 1049 1718 1082 1779; x_wconf 92' lang='lat' dir='ltr'><strong>in</strong></span> <span class='ocrx_word' id='word_1_74' title='bbox 1102 1717 1341 1801; x_wconf 90' lang='lat' dir='ltr'><strong>omnibusque</strong></span> <span class='ocrx_word' id='word_1_75' title='bbox 1361 1717 1497 1801; x_wconf 84' lang='lat' dir='ltr'><strong>perfecte</strong></span> <span class='ocrx_word' id='word_1_76' title='bbox 1517 1733 1594 1783; x_wconf 89' lang='lat' dir='ltr'><strong>sunt</strong></span> <span class='ocrx_word' id='word_1_77' title='bbox 1616 1733 1745 1798; x_wconf 89' lang='lat' dir='ltr'><strong>nature;</strong></span> 
     </span>
     <span class='ocr_line' id='line_1_9' title="bbox 411 1819 1746 1909; baseline 0.007 -28"><span class='ocrx_word' id='word_1_78' title='bbox 411 1819 499 1901; x_wconf 93' lang='lat' dir='ltr'><strong>quod</strong></span> <span class='ocrx_word' id='word_1_79' title='bbox 523 1834 638 1884; x_wconf 89' lang='lat' dir='ltr'><strong>natura</strong></span> <span class='ocrx_word' id='word_1_80' title='bbox 660 1820 762 1885; x_wconf 88' lang='lat' dir='ltr'><strong>facere</strong></span> <span class='ocrx_word' id='word_1_81' title='bbox 785 1842 851 1886; x_wconf 90' lang='lat' dir='ltr'><strong>non</strong></span> <span class='ocrx_word' id='word_1_82' title='bbox 875 1836 989 1906; x_wconf 88' lang='lat' dir='ltr'><strong>potest,</strong></span> <span class='ocrx_word' id='word_1_83' title='bbox 1009 1843 1048 1887; x_wconf 93' lang='lat' dir='ltr'><strong>eo</strong></span> <span class='ocrx_word' id='word_1_84' title='bbox 1068 1826 1157 1907; x_wconf 90' lang='lat' dir='ltr'><strong>quod</strong></span> <span class='ocrx_word' id='word_1_85' title='bbox 1180 1838 1294 1888; x_wconf 89' lang='lat' dir='ltr'><strong>natura</strong></span> <span class='ocrx_word' id='word_1_86' title='bbox 1316 1844 1384 1888; x_wconf 92' lang='lat' dir='ltr'><strong>non</strong></span> <span class='ocrx_word' id='word_1_87' title='bbox 1406 1839 1453 1889; x_wconf 91' lang='lat' dir='ltr'><strong>est</strong></span> <span class='ocrx_word' id='word_1_88' title='bbox 1474 1825 1597 1909; x_wconf 90' lang='lat' dir='ltr'><strong>aliquid</strong></span> <span class='ocrx_word' id='word_1_89' title='bbox 1621 1827 1684 1890; x_wconf 90' lang='lat' dir='ltr'><strong>nisi</strong></span> <span class='ocrx_word' id='word_1_90' title='bbox 1706 1828 1746 1891; x_wconf 92' lang='lat' dir='ltr'><strong>ad</strong></span> 
     </span>
     <span class='ocr_line' id='line_1_10' title="bbox 410 1928 1746 2017; baseline 0.007 -29"><span class='ocrx_word' id='word_1_91' title='bbox 410 1947 527 1990; x_wconf 90' lang='lat' dir='ltr'><strong>vnum.</strong></span> <span class='ocrx_word' id='word_1_92' title='bbox 557 1928 689 2012; x_wconf 89' lang='lat' dir='ltr'><strong>Propter</strong></span> <span class='ocrx_word' id='word_1_93' title='bbox 712 1930 800 2013; x_wconf 92' lang='lat' dir='ltr'><strong>quod</strong></span> <span class='ocrx_word' id='word_1_94' title='bbox 826 1931 927 1994; x_wconf 89' lang='lat' dir='ltr'><strong>eciam</strong></span> <span class='ocrx_word' id='word_1_95' title='bbox 954 1933 1065 1995; x_wconf 88' lang='lat' dir='ltr'><strong>anima</strong></span> <span class='ocrx_word' id='word_1_96' title='bbox 1091 1952 1174 2015; x_wconf 87' lang='lat' dir='ltr'><strong>quae</strong></span> <span class='ocrx_word' id='word_1_97' title='bbox 1200 1952 1266 1995; x_wconf 91' lang='lat' dir='ltr'><strong>non</strong></span> <span class='ocrx_word' id='word_1_98' title='bbox 1290 1933 1419 2015; x_wconf 89' lang='lat' dir='ltr'><strong>attingit</strong></span> <span class='ocrx_word' id='word_1_99' title='bbox 1444 1933 1485 1996; x_wconf 89' lang='lat' dir='ltr'><strong>ad</strong></span> <span class='ocrx_word' id='word_1_100' title='bbox 1512 1934 1746 2017; x_wconf 88' lang='lat' dir='ltr'><strong>perfeccionem</strong></span> 
     </span>
     <span class='ocr_line' id='line_1_11' title="bbox 411 2035 1817 2124; baseline 0.011 -27"><span class='ocrx_word' id='word_1_101' title='bbox 411 2035 573 2117; x_wconf 84' lang='lat' dir='ltr'><strong>ymaginis</strong></span> <span class='ocrx_word' id='word_1_102' title='bbox 593 2035 807 2119; x_wconf 90' lang='lat' dir='ltr'><strong>intelligencie</strong></span> <span class='ocrx_word' id='word_1_103' title='bbox 827 2039 948 2100; x_wconf 79' lang='lat' dir='ltr'><strong>nisiex</strong></span> <span class='ocrx_word' id='word_1_104' title='bbox 968 2051 1067 2121; x_wconf 88' lang='lat' dir='ltr'><strong>parte,</strong></span> <span class='ocrx_word' id='word_1_105' title='bbox 1088 2039 1143 2102; x_wconf 88' lang='lat' dir='ltr'><strong>illa</strong></span> <span class='ocrx_word' id='word_1_106' title='bbox 1157 2059 1288 2123; x_wconf 89' lang='lat' dir='ltr'><strong>quoque</strong></span> <span class='ocrx_word' id='word_1_107' title='bbox 1308 2039 1524 2123; x_wconf 76' lang='lat' dir='ltr'><strong>intelligenda</strong></span> <span class='ocrx_word' id='word_1_108' title='bbox 1542 2056 1748 2124; x_wconf 92' lang='lat' dir='ltr'><strong>comparatur</strong></span> <span class='ocrx_word' id='word_1_109' title='bbox 1780 2076 1817 2113; x_wconf 76' lang='grc' dir='ltr'><strong>ιο,</strong></span> 
     </span>
     <span class='ocr_line' id='line_1_12' title="bbox 411 2141 1748 2231; baseline 0.007 -28"><span class='ocrx_word' id='word_1_110' title='bbox 411 2141 451 2204; x_wconf 90' lang='lat' dir='ltr'><strong>ad</strong></span> <span class='ocrx_word' id='word_1_111' title='bbox 470 2141 707 2207; x_wconf 82' lang='lat' dir='ltr'><strong>elementorum</strong></span> <span class='ocrx_word' id='word_1_112' title='bbox 727 2146 861 2231; x_wconf 85' lang='lat' dir='ltr'><strong>virtutes</strong></span> <span class='ocrx_word' id='word_1_113' title='bbox 880 2146 963 2208; x_wconf 88' lang='lat' dir='ltr'><strong>sicut</strong></span> <span class='ocrx_word' id='word_1_114' title='bbox 981 2146 1134 2210; x_wconf 88' lang='lat' dir='ltr'><strong>sensibile</strong></span> <span class='ocrx_word' id='word_1_115' title='bbox 1152 2160 1183 2210; x_wconf 90' lang='lat' dir='ltr'><strong>et</strong></span> <span class='ocrx_word' id='word_1_116' title='bbox 1203 2146 1391 2229; x_wconf 87' lang='lat' dir='ltr'><strong>uegetabile,</strong></span> <span class='ocrx_word' id='word_1_117' title='bbox 1408 2147 1626 2211; x_wconf 89' lang='lat' dir='ltr'><strong>adiuersitate</strong></span> <span class='ocrx_word' id='word_1_118' title='bbox 1643 2148 1748 2231; x_wconf 90' lang='lat' dir='ltr'><strong>depri-</strong></span> 
     </span>
     <span class='ocr_line' id='line_1_13' title="bbox 412 2249 1747 2339; baseline 0.007 -29"><span class='ocrx_word' id='word_1_119' title='bbox 412 2249 512 2311; x_wconf 90' lang='lat' dir='ltr'><strong>mitur</strong></span> <span class='ocrx_word' id='word_1_120' title='bbox 534 2249 574 2312; x_wconf 95' lang='lat' dir='ltr'><strong>ad</strong></span> <span class='ocrx_word' id='word_1_121' title='bbox 598 2271 717 2328; x_wconf 87' lang='lat' dir='ltr'><strong>vnum,</strong></span> <span class='ocrx_word' id='word_1_122' title='bbox 741 2266 772 2315; x_wconf 90' lang='lat' dir='ltr'><strong>et</strong></span> <span class='ocrx_word' id='word_1_123' title='bbox 793 2272 860 2316; x_wconf 91' lang='lat' dir='ltr'><strong>non</strong></span> <span class='ocrx_word' id='word_1_124' title='bbox 882 2255 1029 2336; x_wconf 89' lang='lat' dir='ltr'><strong>sequitur</strong></span> <span class='ocrx_word' id='word_1_125' title='bbox 1048 2254 1268 2319; x_wconf 87' lang='lat' dir='ltr'><strong>diuersitatem</strong></span> <span class='ocrx_word' id='word_1_126' title='bbox 1292 2256 1394 2338; x_wconf 91' lang='lat' dir='ltr'><strong>ipsius</strong></span> <span class='ocrx_word' id='word_1_127' title='bbox 1415 2257 1587 2339; x_wconf 83' lang='lat' dir='ltr'><strong>ymaginis.</strong></span> <span class='ocrx_word' id='word_1_128' title='bbox 1615 2256 1653 2320; x_wconf 89' lang='lat' dir='ltr'><strong>Et</strong></span> <span class='ocrx_word' id='word_1_129' title='bbox 1675 2257 1747 2320; x_wconf 91' lang='lat' dir='ltr'><strong>ideo</strong></span> 
     </span>
     <span class='ocr_line' id='line_1_14' title="bbox 410 2357 1748 2439; baseline 0.007 -23"><span class='ocrx_word' id='word_1_130' title='bbox 410 2357 519 2417; x_wconf 89' lang='lat' dir='ltr'><strong>omnis</strong></span> <span class='ocrx_word' id='word_1_131' title='bbox 539 2357 668 2439; x_wconf 92' lang='lat' dir='ltr'><strong>yrundo</strong></span> <span class='ocrx_word' id='word_1_132' title='bbox 686 2359 727 2421; x_wconf 87' lang='lat' dir='ltr'><strong>ad</strong></span> <span class='ocrx_word' id='word_1_133' title='bbox 748 2379 852 2422; x_wconf 89' lang='lat' dir='ltr'><strong>unum</strong></span> <span class='ocrx_word' id='word_1_134' title='bbox 875 2359 1011 2423; x_wconf 89' lang='lat' dir='ltr'><strong>modum</strong></span> <span class='ocrx_word' id='word_1_135' title='bbox 1033 2359 1108 2425; x_wconf 88' lang='lat' dir='ltr'><strong>facit</strong></span> <span class='ocrx_word' id='word_1_136' title='bbox 1129 2362 1243 2424; x_wconf 89' lang='lat' dir='ltr'><strong>nidum</strong></span> <span class='ocrx_word' id='word_1_137' title='bbox 1260 2364 1316 2425; x_wconf 77' lang='lat' dir='ltr'><strong>let</strong></span> <span class='ocrx_word' id='word_1_138' title='bbox 1334 2364 1444 2426; x_wconf 90' lang='lat' dir='ltr'><strong>omnis</strong></span> <span class='ocrx_word' id='word_1_139' title='bbox 1463 2383 1580 2427; x_wconf 87' lang='lat' dir='ltr'><strong>aranea</strong></span> <span class='ocrx_word' id='word_1_140' title='bbox 1599 2363 1748 2428; x_wconf 88' lang='lat' dir='ltr'><strong>similiter</strong></span> 
     </span>
     <span class='ocr_line' id='line_1_15' title="bbox 411 2461 1746 2547; baseline 0.005 -22"><span class='ocrx_word' id='word_1_141' title='bbox 411 2461 485 2527; x_wconf 83' lang='lat' dir='ltr'><strong>facit</strong></span> <span class='ocrx_word' id='word_1_142' title='bbox 503 2464 614 2528; x_wconf 90' lang='lat' dir='ltr'><strong>telam.</strong></span> <span class='ocrx_word' id='word_1_143' title='bbox 636 2465 698 2529; x_wconf 87' lang='lat' dir='ltr'><strong>Sed</strong></span> <span class='ocrx_word' id='word_1_144' title='bbox 720 2487 786 2530; x_wconf 91' lang='lat' dir='ltr'><strong>non</strong></span> <span class='ocrx_word' id='word_1_145' title='bbox 807 2468 917 2530; x_wconf 91' lang='lat' dir='ltr'><strong>omnis</strong></span> <span class='ocrx_word' id='word_1_146' title='bbox 937 2467 1038 2531; x_wconf 88' lang='lat' dir='ltr'><strong>homo</strong></span> <span class='ocrx_word' id='word_1_147' title='bbox 1057 2468 1205 2531; x_wconf 86' lang='lat' dir='ltr'><strong>similiter</strong></span> <span class='ocrx_word' id='word_1_148' title='bbox 1220 2467 1296 2533; x_wconf 89' lang='lat' dir='ltr'><strong>facit</strong></span> <span class='ocrx_word' id='word_1_149' title='bbox 1309 2469 1460 2546; x_wconf 89' lang='lat' dir='ltr'><strong>domum,</strong></span> <span class='ocrx_word' id='word_1_150' title='bbox 1476 2469 1526 2534; x_wconf 93' lang='lat' dir='ltr'><strong>vel</strong></span> <span class='ocrx_word' id='word_1_151' title='bbox 1542 2484 1680 2547; x_wconf 86' lang='lat' dir='ltr'><strong>uestem,</strong></span> <span class='ocrx_word' id='word_1_152' title='bbox 1696 2470 1746 2535; x_wconf 93' lang='lat' dir='ltr'><strong>vel</strong></span> 
     </span>
     <span class='ocr_line' id='line_1_16' title="bbox 411 2570 1807 2660; baseline 0.007 -26"><span class='ocrx_word' id='word_1_153' title='bbox 411 2570 579 2654; x_wconf 87' lang='lat' dir='ltr'><strong>quodlibet</strong></span> <span class='ocrx_word' id='word_1_154' title='bbox 603 2592 741 2656; x_wconf 90' lang='lat' dir='ltr'><strong>operum</strong></span> <span class='ocrx_word' id='word_1_155' title='bbox 768 2594 915 2638; x_wconf 90' lang='lat' dir='ltr'><strong>suorum.</strong></span> <span class='ocrx_word' id='word_1_156' title='bbox 946 2574 992 2637; x_wconf 90' lang='lat' dir='ltr'><strong>Ex</strong></span> <span class='ocrx_word' id='word_1_157' title='bbox 1017 2575 1080 2638; x_wconf 93' lang='lat' dir='ltr'><strong>hiis</strong></span> <span class='ocrx_word' id='word_1_158' title='bbox 1103 2576 1143 2639; x_wconf 92' lang='lat' dir='ltr'><strong>de</strong></span> <span class='ocrx_word' id='word_1_159' title='bbox 1168 2578 1354 2640; x_wconf 85' lang='lat' dir='ltr'><strong>necessitate</strong></span> <span class='ocrx_word' id='word_1_160' title='bbox 1377 2578 1522 2660; x_wconf 87' lang='lat' dir='ltr'><strong>sequitur</strong></span> <span class='ocrx_word' id='word_1_161' title='bbox 1547 2578 1746 2641; x_wconf 86' lang='lat' dir='ltr'><strong>intellectum</strong></span> <span class='ocrx_word' id='word_1_162' title='bbox 1779 2600 1807 2644; x_wconf 82' lang='lat'><strong>15</strong></span> 
     </span>
     <span class='ocr_line' id='line_1_17' title="bbox 412 2677 1745 2768; baseline 0.006 -28"><span class='ocrx_word' id='word_1_163' title='bbox 412 2677 558 2742; x_wconf 91' lang='lat' dir='ltr'><strong>hominis</strong></span> <span class='ocrx_word' id='word_1_164' title='bbox 572 2700 592 2743; x_wconf 92' lang='lat' dir='ltr'><strong>a</strong></span> <span class='ocrx_word' id='word_1_165' title='bbox 606 2680 662 2743; x_wconf 90' lang='lat' dir='ltr'><strong>tali</strong></span> <span class='ocrx_word' id='word_1_166' title='bbox 683 2695 797 2745; x_wconf 92' lang='lat' dir='ltr'><strong>natura</strong></span> <span class='ocrx_word' id='word_1_167' title='bbox 815 2684 926 2746; x_wconf 89' lang='lat' dir='ltr'><strong>anime</strong></span> <span class='ocrx_word' id='word_1_168' title='bbox 940 2703 1003 2765; x_wconf 92' lang='lat' dir='ltr'><strong>que</strong></span> <span class='ocrx_word' id='word_1_169' title='bbox 1017 2684 1168 2765; x_wconf 89' lang='lat' dir='ltr'><strong>organica</strong></span> <span class='ocrx_word' id='word_1_170' title='bbox 1183 2697 1241 2759; x_wconf 92' lang='lat' dir='ltr'><strong>est,</strong></span> <span class='ocrx_word' id='word_1_171' title='bbox 1257 2703 1324 2747; x_wconf 88' lang='lat' dir='ltr'><strong>esse</strong></span> <span class='ocrx_word' id='word_1_172' title='bbox 1345 2704 1530 2766; x_wconf 86' lang='lat' dir='ltr'><strong>possessum</strong></span> <span class='ocrx_word' id='word_1_173' title='bbox 1546 2698 1577 2748; x_wconf 91' lang='lat' dir='ltr'><strong>et</strong></span> <span class='ocrx_word' id='word_1_174' title='bbox 1591 2685 1745 2768; x_wconf 89' lang='lat' dir='ltr'><strong>adeptum</strong></span> 
     </span>
     <span class='ocr_line' id='line_1_18' title="bbox 410 2788 1747 2874; baseline 0.006 -26"><span class='ocrx_word' id='word_1_175' title='bbox 410 2804 428 2848; x_wconf 88' lang='lat' dir='ltr'><strong>a</strong></span> <span class='ocrx_word' id='word_1_176' title='bbox 449 2800 564 2850; x_wconf 89' lang='lat' dir='ltr'><strong>natura</strong></span> <span class='ocrx_word' id='word_1_177' title='bbox 583 2788 761 2870; x_wconf 87' lang='lat' dir='ltr'><strong>superiori;</strong></span> <span class='ocrx_word' id='word_1_178' title='bbox 781 2802 812 2853; x_wconf 85' lang='lat' dir='ltr'><strong>et</strong></span> <span class='ocrx_word' id='word_1_179' title='bbox 826 2803 950 2873; x_wconf 89' lang='lat' dir='ltr'><strong>quanto</strong></span> <span class='ocrx_word' id='word_1_180' title='bbox 973 2791 1075 2874; x_wconf 87' lang='lat' dir='ltr'><strong>magis</strong></span> <span class='ocrx_word' id='word_1_181' title='bbox 1096 2792 1253 2855; x_wconf 88' lang='lat' dir='ltr'><strong>auertitur</strong></span> <span class='ocrx_word' id='word_1_182' title='bbox 1270 2791 1312 2854; x_wconf 90' lang='lat' dir='ltr'><strong>ab</strong></span> <span class='ocrx_word' id='word_1_183' title='bbox 1335 2791 1479 2855; x_wconf 84' lang='lat' dir='ltr'><strong>inferiori</strong></span> <span class='ocrx_word' id='word_1_184' title='bbox 1496 2794 1639 2867; x_wconf 88' lang='lat' dir='ltr'><strong>veritate,</strong></span> <span class='ocrx_word' id='word_1_185' title='bbox 1656 2806 1747 2856; x_wconf 87' lang='lat' dir='ltr'><strong>tanto</strong></span> 
     </span>
     <span class='ocr_line' id='line_1_19' title="bbox 411 2894 1747 2982; baseline 0.006 -27"><span class='ocrx_word' id='word_1_186' title='bbox 411 2895 514 2976; x_wconf 90' lang='lat' dir='ltr'><strong>magis</strong></span> <span class='ocrx_word' id='word_1_187' title='bbox 537 2894 735 2960; x_wconf 86' lang='lat' dir='ltr'><strong>intellectum</strong></span> <span class='ocrx_word' id='word_1_188' title='bbox 762 2917 858 2959; x_wconf 88' lang='lat' dir='ltr'><strong>suum</strong></span> <span class='ocrx_word' id='word_1_189' title='bbox 885 2898 1053 2981; x_wconf 91' lang='lat' dir='ltr'><strong>proprium</strong></span> <span class='ocrx_word' id='word_1_190' title='bbox 1077 2898 1278 2980; x_wconf 87' lang='lat' dir='ltr'><strong>adipiscitur,</strong></span> <span class='ocrx_word' id='word_1_191' title='bbox 1300 2899 1457 2982; x_wconf 87' lang='lat' dir='ltr'><strong>accquirit</strong></span> <span class='ocrx_word' id='word_1_192' title='bbox 1479 2913 1509 2963; x_wconf 92' lang='lat' dir='ltr'><strong>et</strong></span> <span class='ocrx_word' id='word_1_193' title='bbox 1532 2899 1694 2981; x_wconf 83' lang='lat' dir='ltr'><strong>possidet3</strong></span> <span class='ocrx_word' id='word_1_194' title='bbox 1717 2913 1747 2963; x_wconf 86' lang='lat' dir='ltr'><strong>et</strong></span> 
     </span>
     <span class='ocr_line' id='line_1_20' title="bbox 410 3004 1746 3088; baseline 0.005 -25"><span class='ocrx_word' id='word_1_195' title='bbox 410 3014 534 3082; x_wconf 92' lang='lat' dir='ltr'><strong>quanto</strong></span> <span class='ocrx_word' id='word_1_196' title='bbox 555 3004 657 3086; x_wconf 88' lang='lat' dir='ltr'><strong>magis</strong></span> <span class='ocrx_word' id='word_1_197' title='bbox 676 3005 877 3068; x_wconf 88' lang='lat' dir='ltr'><strong>conuertitur</strong></span> <span class='ocrx_word' id='word_1_198' title='bbox 891 3004 930 3068; x_wconf 92' lang='lat' dir='ltr'><strong>ad</strong></span> <span class='ocrx_word' id='word_1_199' title='bbox 951 3023 1084 3087; x_wconf 84' lang='lat' dir='ltr'><strong>organa,</strong></span> <span class='ocrx_word' id='word_1_200' title='bbox 1100 3019 1190 3069; x_wconf 90' lang='lat' dir='ltr'><strong>tanto</strong></span> <span class='ocrx_word' id='word_1_201' title='bbox 1209 3007 1312 3088; x_wconf 89' lang='lat' dir='ltr'><strong>magis</strong></span> <span class='ocrx_word' id='word_1_202' title='bbox 1331 3005 1547 3069; x_wconf 90' lang='lat' dir='ltr'><strong>obumbratur</strong></span> <span class='ocrx_word' id='word_1_203' title='bbox 1561 3021 1591 3069; x_wconf 90' lang='lat' dir='ltr'><strong>et</strong></span> <span class='ocrx_word' id='word_1_204' title='bbox 1606 3007 1691 3070; x_wconf 91' lang='lat' dir='ltr'><strong>cadit</strong></span> <span class='ocrx_word' id='word_1_205' title='bbox 1705 3007 1746 3070; x_wconf 89' lang='lat' dir='ltr'><strong>ab</strong></span> 
     </span>
     <span class='ocr_line' id='line_1_21' title="bbox 411 3107 1808 3196; baseline 0.007 -27"><span class='ocrx_word' id='word_1_206' title='bbox 411 3107 587 3185; x_wconf 87' lang='lat' dir='ltr'><strong>intellectu,</strong></span> <span class='ocrx_word' id='word_1_207' title='bbox 612 3124 642 3174; x_wconf 88' lang='lat' dir='ltr'><strong>et</strong></span> <span class='ocrx_word' id='word_1_208' title='bbox 669 3110 812 3187; x_wconf 88' lang='lat' dir='ltr'><strong>bestiale,</strong></span> <span class='ocrx_word' id='word_1_209' title='bbox 832 3112 939 3188; x_wconf 90' lang='lat' dir='ltr'><strong>arbor,</strong></span> <span class='ocrx_word' id='word_1_210' title='bbox 959 3125 1017 3175; x_wconf 90' lang='lat' dir='ltr'><strong>etc.</strong></span> <span class='ocrx_word' id='word_1_211' title='bbox 1041 3111 1189 3188; x_wconf 87' lang='lat' dir='ltr'><strong>efficitur,</strong></span> <span class='ocrx_word' id='word_1_212' title='bbox 1213 3112 1317 3196; x_wconf 89' lang='lat' dir='ltr'><strong>perdit</strong></span> <span class='ocrx_word' id='word_1_213' title='bbox 1339 3112 1537 3176; x_wconf 87' lang='lat' dir='ltr'><strong>intellectum</strong></span> <span class='ocrx_word' id='word_1_214' title='bbox 1558 3126 1589 3177; x_wconf 90' lang='lat' dir='ltr'><strong>et</strong></span> <span class='ocrx_word' id='word_1_215' title='bbox 1607 3113 1747 3177; x_wconf 88' lang='lat' dir='ltr'><strong>declinat</strong></span> <span class='ocrx_word' id='word_1_216' title='bbox 1776 3147 1808 3179; x_wconf 59' lang='grc' dir='ltr'><strong>πο</strong></span> 
     </span>
     <span class='ocr_line' id='line_1_22' title="bbox 410 3215 1744 3303; baseline 0.005 -26"><span class='ocrx_word' id='word_1_217' title='bbox 410 3234 428 3277; x_wconf 90' lang='lat' dir='ltr'><strong>a</strong></span> <span class='ocrx_word' id='word_1_218' title='bbox 456 3228 570 3279; x_wconf 90' lang='lat' dir='ltr'><strong>natura</strong></span> <span class='ocrx_word' id='word_1_219' title='bbox 599 3215 764 3295; x_wconf 83' lang='lat' dir='ltr'><strong>hominis3</strong></span> <span class='ocrx_word' id='word_1_220' title='bbox 792 3231 823 3282; x_wconf 88' lang='lat' dir='ltr'><strong>et</strong></span> <span class='ocrx_word' id='word_1_221' title='bbox 851 3218 913 3282; x_wconf 92' lang='lat' dir='ltr'><strong>hoc</strong></span> <span class='ocrx_word' id='word_1_222' title='bbox 940 3218 1099 3302; x_wconf 89' lang='lat' dir='ltr'><strong>estquod</strong></span> <span class='ocrx_word' id='word_1_223' title='bbox 1129 3220 1211 3282; x_wconf 79' lang='lat' dir='ltr'><strong>dixit</strong></span> <span class='ocrx_word' id='word_1_224' title='bbox 1234 3219 1421 3283; x_wconf 77' lang='lat' dir='ltr'><strong>Aristoteles</strong></span> <span class='ocrx_word' id='word_1_225' title='bbox 1444 3221 1533 3303; x_wconf 95' lang='lat' dir='ltr'><strong>quod</strong></span> <span class='ocrx_word' id='word_1_226' title='bbox 1563 3221 1744 3284; x_wconf 90' lang='lat' dir='ltr'><strong>secundum</strong></span> 
     </span>
     <span class='ocr_line' id='line_1_23' title="bbox 410 3323 1746 3411; baseline 0.006 -25"><span class='ocrx_word' id='word_1_227' title='bbox 410 3323 620 3405; x_wconf 89' lang='lat' dir='ltr'><strong>prudenciam</strong></span> <span class='ocrx_word' id='word_1_228' title='bbox 647 3323 752 3389; x_wconf 92' lang='lat' dir='ltr'><strong>dictus</strong></span> <span class='ocrx_word' id='word_1_229' title='bbox 779 3326 960 3390; x_wconf 86' lang='lat' dir='ltr'><strong>intellectus</strong></span> <span class='ocrx_word' id='word_1_230' title='bbox 987 3347 1054 3391; x_wconf 91' lang='lat' dir='ltr'><strong>non</strong></span> <span class='ocrx_word' id='word_1_231' title='bbox 1080 3328 1237 3411; x_wconf 86' lang='lat' dir='ltr'><strong>equaliter</strong></span> <span class='ocrx_word' id='word_1_232' title='bbox 1262 3327 1389 3391; x_wconf 90' lang='lat' dir='ltr'><strong>videtur</strong></span> <span class='ocrx_word' id='word_1_233' title='bbox 1415 3329 1519 3392; x_wconf 86' lang='lat' dir='ltr'><strong>inesse</strong></span> <span class='ocrx_word' id='word_1_234' title='bbox 1546 3329 1746 3394; x_wconf 89' lang='lat' dir='ltr'><strong>animalibus</strong></span> 
     </span>
     <span class='ocr_line' id='line_1_24' title="bbox 410 3430 1747 3521; baseline 0.005 -28"><span class='ocrx_word' id='word_1_235' title='bbox 410 3430 465 3493; x_wconf 88' lang='lat' dir='ltr'><strong>sed</strong></span> <span class='ocrx_word' id='word_1_236' title='bbox 486 3451 591 3514; x_wconf 92' lang='lat' dir='ltr'><strong>neque</strong></span> <span class='ocrx_word' id='word_1_237' title='bbox 610 3432 814 3497; x_wconf 90' lang='lat' dir='ltr'><strong>hominibus.</strong></span> <span class='ocrx_word' id='word_1_238' title='bbox 838 3434 874 3497; x_wconf 93' lang='lat' dir='ltr'><strong>ln</strong></span> <span class='ocrx_word' id='word_1_239' title='bbox 895 3433 956 3498; x_wconf 89' lang='lat' dir='ltr'><strong>hac</strong></span> <span class='ocrx_word' id='word_1_240' title='bbox 974 3449 1083 3498; x_wconf 90' lang='lat' dir='ltr'><strong>autem</strong></span> <span class='ocrx_word' id='word_1_241' title='bbox 1103 3435 1280 3518; x_wconf 89' lang='lat' dir='ltr'><strong>adepcione</strong></span> <span class='ocrx_word' id='word_1_242' title='bbox 1301 3435 1505 3499; x_wconf 87' lang='lat' dir='ltr'><strong>nobilissima</strong></span> <span class='ocrx_word' id='word_1_243' title='bbox 1526 3455 1641 3500; x_wconf 91' lang='lat' dir='ltr'><strong>omnes</strong></span> <span class='ocrx_word' id='word_1_244' title='bbox 1657 3457 1747 3521; x_wconf 88' lang='lat' dir='ltr'><strong>pery-</strong></span> 
     </span>
     <span class='ocr_line' id='line_1_25' title="bbox 411 3537 1747 3625; baseline 0.006 -25"><span class='ocrx_word' id='word_1_245' title='bbox 411 3539 536 3621; x_wconf 90' lang='lat' dir='ltr'><strong>patetici</strong></span> <span class='ocrx_word' id='word_1_246' title='bbox 564 3537 704 3603; x_wconf 89' lang='lat' dir='ltr'><strong>radicem</strong></span> <span class='ocrx_word' id='word_1_247' title='bbox 729 3541 882 3605; x_wconf 84' lang='lat' dir='ltr'><strong>dixerunt</strong></span> <span class='ocrx_word' id='word_1_248' title='bbox 909 3542 1140 3618; x_wconf 88' lang='lat' dir='ltr'><strong>immortalitis,</strong></span> <span class='ocrx_word' id='word_1_249' title='bbox 1164 3555 1196 3607; x_wconf 90' lang='lat' dir='ltr'><strong>et</strong></span> <span class='ocrx_word' id='word_1_250' title='bbox 1223 3562 1278 3625; x_wconf 89' lang='lat' dir='ltr'><strong>per</strong></span> <span class='ocrx_word' id='word_1_251' title='bbox 1302 3544 1406 3625; x_wconf 89' lang='lat' dir='ltr'><strong>ipsam</strong></span> <span class='ocrx_word' id='word_1_252' title='bbox 1434 3542 1586 3606; x_wconf 89' lang='lat' dir='ltr'><strong>homines</strong></span> <span class='ocrx_word' id='word_1_253' title='bbox 1610 3545 1644 3606; x_wconf 92' lang='lat' dir='ltr'><strong>in</strong></span> <span class='ocrx_word' id='word_1_254' title='bbox 1668 3545 1747 3608; x_wconf 90' lang='lat' dir='ltr'><strong>deos</strong></span> 
     </span>
     <span class='ocr_line' id='line_1_26' title="bbox 409 3646 1807 3733; baseline 0.006 -26"><span class='ocrx_word' id='word_1_255' title='bbox 409 3646 578 3727; x_wconf 90' lang='lat' dir='ltr'><strong>transponi</strong></span> <span class='ocrx_word' id='word_1_256' title='bbox 600 3659 632 3709; x_wconf 89' lang='lat' dir='ltr'><strong>et</strong></span> <span class='ocrx_word' id='word_1_257' title='bbox 652 3646 888 3710; x_wconf 88' lang='lat' dir='ltr'><strong>transformari.</strong></span> <span class='ocrx_word' id='word_1_258' title='bbox 916 3647 955 3711; x_wconf 87' lang='lat' dir='ltr'><strong>Et</strong></span> <span class='ocrx_word' id='word_1_259' title='bbox 976 3648 1055 3711; x_wconf 90' lang='lat' dir='ltr'><strong>tales</strong></span> <span class='ocrx_word' id='word_1_260' title='bbox 1077 3648 1218 3731; x_wconf 86' lang='lat' dir='ltr'><strong>platonis</strong></span> <span class='ocrx_word' id='word_1_261' title='bbox 1241 3649 1449 3732; x_wconf 90' lang='lat' dir='ltr'><strong>philosophia</strong></span> <span class='ocrx_word' id='word_1_262' title='bbox 1470 3652 1563 3733; x_wconf 89' lang='lat' dir='ltr'><strong>quasi</strong></span> <span class='ocrx_word' id='word_1_263' title='bbox 1586 3651 1747 3715; x_wconf 88' lang='lat' dir='ltr'><strong>semideos</strong></span> <span class='ocrx_word' id='word_1_264' title='bbox 1776 3671 1807 3715; x_wconf 85' lang='lat'><strong>25</strong></span> 
     </span>
     <span class='ocr_line' id='line_1_27' title="bbox 410 3751 1747 3842; baseline 0.007 -28"><span class='ocrx_word' id='word_1_265' title='bbox 410 3751 597 3834; x_wconf 90' lang='lat' dir='ltr'><strong>appellauit.</strong></span> <span class='ocrx_word' id='word_1_266' title='bbox 623 3752 670 3816; x_wconf 85' lang='lat' dir='ltr'><strong>Ex</strong></span> <span class='ocrx_word' id='word_1_267' title='bbox 692 3754 755 3816; x_wconf 91' lang='lat' dir='ltr'><strong>hiis</strong></span> <span class='ocrx_word' id='word_1_268' title='bbox 778 3767 887 3819; x_wconf 90' lang='lat' dir='ltr'><strong>autem</strong></span> <span class='ocrx_word' id='word_1_269' title='bbox 908 3754 1000 3819; x_wconf 86' lang='lat' dir='ltr'><strong>facile</strong></span> <span class='ocrx_word' id='word_1_270' title='bbox 1021 3757 1179 3819; x_wconf 90' lang='lat' dir='ltr'><strong>conicitur</strong></span> <span class='ocrx_word' id='word_1_271' title='bbox 1198 3756 1286 3839; x_wconf 93' lang='lat' dir='ltr'><strong>quod</strong></span> <span class='ocrx_word' id='word_1_272' title='bbox 1305 3775 1381 3819; x_wconf 91' lang='lat' dir='ltr'><strong>cum</strong></span> <span class='ocrx_word' id='word_1_273' title='bbox 1402 3756 1434 3820; x_wconf 92' lang='lat' dir='ltr'><strong>id</strong></span> <span class='ocrx_word' id='word_1_274' title='bbox 1455 3758 1544 3840; x_wconf 92' lang='lat' dir='ltr'><strong>quod</strong></span> <span class='ocrx_word' id='word_1_275' title='bbox 1564 3771 1611 3822; x_wconf 92' lang='lat' dir='ltr'><strong>est</strong></span> <span class='ocrx_word' id='word_1_276' title='bbox 1629 3778 1747 3842; x_wconf 88' lang='lat' dir='ltr'><strong>ymago</strong></span> 
     </span>
     <span class='ocr_line' id='line_1_28' title="bbox 411 3858 1747 3946; baseline 0.007 -26"><span class='ocrx_word' id='word_1_277' title='bbox 411 3858 626 3943; x_wconf 89' lang='lat' dir='ltr'><strong>intelligencie</strong></span> <span class='ocrx_word' id='word_1_278' title='bbox 648 3879 746 3925; x_wconf 82' lang='lat' dir='ltr'><strong>exea</strong></span> <span class='ocrx_word' id='word_1_279' title='bbox 770 3874 859 3944; x_wconf 90' lang='lat' dir='ltr'><strong>parte</strong></span> <span class='ocrx_word' id='word_1_280' title='bbox 881 3882 946 3945; x_wconf 90' lang='lat' dir='ltr'><strong>qua</strong></span> <span class='ocrx_word' id='word_1_281' title='bbox 968 3877 1175 3946; x_wconf 87' lang='lat' dir='ltr'><strong>comparatur</strong></span> <span class='ocrx_word' id='word_1_282' title='bbox 1195 3863 1236 3926; x_wconf 90' lang='lat' dir='ltr'><strong>ad</strong></span> <span class='ocrx_word' id='word_1_283' title='bbox 1260 3863 1429 3945; x_wconf 90' lang='lat' dir='ltr'><strong>qualitates</strong></span> <span class='ocrx_word' id='word_1_284' title='bbox 1453 3864 1664 3929; x_wconf 86' lang='lat' dir='ltr'><strong>elementares</strong></span> <span class='ocrx_word' id='word_1_285' title='bbox 1688 3885 1747 3929; x_wconf 89' lang='lat' dir='ltr'><strong>nec</strong></span> 
     </span>
     <span class='ocr_line' id='line_1_29' title="bbox 411 3966 1745 4056; baseline 0.007 -29"><span class='ocrx_word' id='word_1_286' title='bbox 411 3966 549 4029; x_wconf 90' lang='lat' dir='ltr'><strong>minoris</strong></span> <span class='ocrx_word' id='word_1_287' title='bbox 575 3981 689 4031; x_wconf 89' lang='lat' dir='ltr'><strong>nature</strong></span> <span class='ocrx_word' id='word_1_288' title='bbox 715 3969 767 4044; x_wconf 90' lang='lat' dir='ltr'><strong>sit,</strong></span> <span class='ocrx_word' id='word_1_289' title='bbox 793 3988 851 4033; x_wconf 93' lang='lat' dir='ltr'><strong>nec</strong></span> <span class='ocrx_word' id='word_1_290' title='bbox 878 3971 1016 4033; x_wconf 87' lang='lat' dir='ltr'><strong>minoris</strong></span> <span class='ocrx_word' id='word_1_291' title='bbox 1042 3971 1200 4053; x_wconf 87' lang='lat' dir='ltr'><strong>potencie,</strong></span> <span class='ocrx_word' id='word_1_292' title='bbox 1227 3990 1285 4033; x_wconf 88' lang='lat' dir='ltr'><strong>nec</strong></span> <span class='ocrx_word' id='word_1_293' title='bbox 1310 3972 1446 4034; x_wconf 88' lang='lat' dir='ltr'><strong>minoris</strong></span> <span class='ocrx_word' id='word_1_294' title='bbox 1473 3973 1632 4055; x_wconf 90' lang='lat' dir='ltr'><strong>puritatis,</strong></span> <span class='ocrx_word' id='word_1_295' title='bbox 1657 3974 1745 4056; x_wconf 94' lang='lat' dir='ltr'><strong>quod</strong></span> 
     </span>
     <span class='ocr_line' id='line_1_30' title="bbox 409 4073 1746 4164; baseline 0.007 -30"><span class='ocrx_word' id='word_1_296' title='bbox 409 4073 521 4136; x_wconf 86' lang='lat' dir='ltr'><strong>anima</strong></span> <span class='ocrx_word' id='word_1_297' title='bbox 540 4074 638 4137; x_wconf 92' lang='lat' dir='ltr'><strong>vnius</strong></span> <span class='ocrx_word' id='word_1_298' title='bbox 658 4094 725 4139; x_wconf 92' lang='lat' dir='ltr'><strong>non</strong></span> <span class='ocrx_word' id='word_1_299' title='bbox 745 4088 793 4140; x_wconf 93' lang='lat' dir='ltr'><strong>est</strong></span> <span class='ocrx_word' id='word_1_300' title='bbox 811 4078 923 4140; x_wconf 90' lang='lat' dir='ltr'><strong>anima</strong></span> <span class='ocrx_word' id='word_1_301' title='bbox 945 4076 1088 4154; x_wconf 85' lang='lat' dir='ltr'><strong>alterius,</strong></span> <span class='ocrx_word' id='word_1_302' title='bbox 1108 4097 1183 4161; x_wconf 92' lang='lat' dir='ltr'><strong>ergo</strong></span> <span class='ocrx_word' id='word_1_303' title='bbox 1202 4076 1372 4160; x_wconf 90' lang='lat' dir='ltr'><strong>possidens</strong></span> <span class='ocrx_word' id='word_1_304' title='bbox 1387 4079 1455 4142; x_wconf 89' lang='lat' dir='ltr'><strong>imo</strong></span> <span class='ocrx_word' id='word_1_305' title='bbox 1472 4099 1537 4143; x_wconf 94' lang='lat' dir='ltr'><strong>non</strong></span> <span class='ocrx_word' id='word_1_306' title='bbox 1555 4079 1640 4143; x_wconf 91' lang='lat' dir='ltr'><strong>idem</strong></span> <span class='ocrx_word' id='word_1_307' title='bbox 1656 4081 1746 4164; x_wconf 93' lang='lat' dir='ltr'><strong>quod</strong></span> 
     </span>
     <span class='ocr_line' id='line_1_31' title="bbox 411 4180 1807 4262; baseline 0.005 -19"><span class='ocrx_word' id='word_1_308' title='bbox 411 4180 580 4262; x_wconf 89' lang='lat' dir='ltr'><strong>possidens</strong></span> <span class='ocrx_word' id='word_1_309' title='bbox 602 4182 636 4244; x_wconf 92' lang='lat' dir='ltr'><strong>in</strong></span> <span class='ocrx_word' id='word_1_310' title='bbox 658 4182 734 4246; x_wconf 90' lang='lat' dir='ltr'><strong>alio.</strong></span> <span class='ocrx_word' id='word_1_311' title='bbox 1775 4206 1807 4250; x_wconf 76' lang='lat'><strong>30</strong></span> 
     </span>
     <span class='ocr_line' id='line_1_32' title="bbox 489 4287 1747 4377; baseline 0.006 -26"><span class='ocrx_word' id='word_1_312' title='bbox 489 4287 575 4351; x_wconf 91' lang='lat' dir='ltr'><strong>Cum</strong></span> <span class='ocrx_word' id='word_1_313' title='bbox 595 4302 705 4353; x_wconf 91' lang='lat' dir='ltr'><strong>autem</strong></span> <span class='ocrx_word' id='word_1_314' title='bbox 726 4290 788 4354; x_wconf 90' lang='lat' dir='ltr'><strong>hoc</strong></span> <span class='ocrx_word' id='word_1_315' title='bbox 806 4291 1004 4367; x_wconf 89' lang='lat' dir='ltr'><strong>conceditur,</strong></span> <span class='ocrx_word' id='word_1_316' title='bbox 1021 4292 1110 4376; x_wconf 86' lang='lat'>[209]</span> <span class='ocrx_word' id='word_1_317' title='bbox 1128 4312 1255 4356; x_wconf 82' lang='lat' dir='ltr'><strong>necesse</strong></span> <span class='ocrx_word' id='word_1_318' title='bbox 1270 4306 1328 4369; x_wconf 82' lang='lat' dir='ltr'><strong>est,</strong></span> <span class='ocrx_word' id='word_1_319' title='bbox 1344 4312 1420 4356; x_wconf 90' lang='lat' dir='ltr'><strong>cum</strong></span> <span class='ocrx_word' id='word_1_320' title='bbox 1437 4294 1617 4358; x_wconf 89' lang='lat' dir='ltr'><strong>secundum</strong></span> <span class='ocrx_word' id='word_1_321' title='bbox 1636 4309 1747 4377; x_wconf 92' lang='lat' dir='ltr'><strong>poten-</strong></span> 
     </span>
     <span class='ocr_line' id='line_1_33' title="bbox 409 4380 1745 4486; baseline 0.005 -29"><span class='ocrx_word' id='word_1_322' title='bbox 409 4394 492 4469; x_wconf 83' lang='lat' dir='ltr'><strong>ciam</strong></span> <span class='ocrx_word' id='word_1_323' title='bbox 527 4409 557 4459; x_wconf 90' lang='lat' dir='ltr'><strong>et</strong></span> <span class='ocrx_word' id='word_1_324' title='bbox 588 4380 858 4479; x_wconf 82' lang='lat' dir='ltr'><strong>adipiscenciam,</strong></span> <span class='ocrx_word' id='word_1_325' title='bbox 892 4399 1073 4462; x_wconf 85' lang='lat' dir='ltr'><strong>secundum</strong></span> <span class='ocrx_word' id='word_1_326' title='bbox 1107 4419 1175 4463; x_wconf 92' lang='lat' dir='ltr'><strong>esse</strong></span> <span class='ocrx_word' id='word_1_327' title='bbox 1202 4399 1355 4464; x_wconf 88' lang='lat' dir='ltr'><strong>differant</strong></span> <span class='ocrx_word' id='word_1_328' title='bbox 1388 4419 1533 4483; x_wconf 86' lang='lat' dir='ltr'><strong>possessa</strong></span> <span class='ocrx_word' id='word_1_329' title='bbox 1562 4416 1592 4466; x_wconf 92' lang='lat' dir='ltr'><strong>et</strong></span> <span class='ocrx_word' id='word_1_330' title='bbox 1618 4402 1745 4486; x_wconf 84' lang='lat' dir='ltr'><strong>adepta,</strong></span> 
     </span>
     <span class='ocr_line' id='line_1_34' title="bbox 409 4504 1746 4592; baseline 0.006 -28"><span class='ocrx_word' id='word_1_331' title='bbox 409 4504 555 4584; x_wconf 90' lang='lat' dir='ltr'><strong>sequitur</strong></span> <span class='ocrx_word' id='word_1_332' title='bbox 580 4506 759 4569; x_wconf 91' lang='lat' dir='ltr'><strong>necessario</strong></span> <span class='ocrx_word' id='word_1_333' title='bbox 785 4506 874 4589; x_wconf 90' lang='lat' dir='ltr'><strong>quod</strong></span> <span class='ocrx_word' id='word_1_334' title='bbox 902 4506 1082 4570; x_wconf 85' lang='lat' dir='ltr'><strong>intellectus</strong></span> <span class='ocrx_word' id='word_1_335' title='bbox 1111 4509 1248 4590; x_wconf 88' lang='lat' dir='ltr'><strong>possessi</strong></span> <span class='ocrx_word' id='word_1_336' title='bbox 1275 4521 1305 4571; x_wconf 93' lang='lat' dir='ltr'><strong>et</strong></span> <span class='ocrx_word' id='word_1_337' title='bbox 1330 4507 1437 4592; x_wconf 90' lang='lat' dir='ltr'><strong>adepti</strong></span> <span class='ocrx_word' id='word_1_338' title='bbox 1467 4510 1647 4572; x_wconf 88' lang='lat' dir='ltr'><strong>secundum</strong></span> <span class='ocrx_word' id='word_1_339' title='bbox 1678 4529 1746 4573; x_wconf 86' lang='lat' dir='ltr'><strong>esse</strong></span> 
     </span>
     <span class='ocr_line' id='line_1_35' title="bbox 409 4608 1745 4698; baseline 0.007 -28"><span class='ocrx_word' id='word_1_340' title='bbox 409 4608 615 4691; x_wconf 89' lang='lat' dir='ltr'><strong>singulariter</strong></span> <span class='ocrx_word' id='word_1_341' title='bbox 643 4609 797 4675; x_wconf 89' lang='lat' dir='ltr'><strong>differant</strong></span> <span class='ocrx_word' id='word_1_342' title='bbox 824 4615 858 4675; x_wconf 93' lang='lat' dir='ltr'><strong>in</strong></span> <span class='ocrx_word' id='word_1_343' title='bbox 887 4613 1043 4696; x_wconf 90' lang='lat' dir='ltr'><strong>quolibet.</strong></span> <span class='ocrx_word' id='word_1_344' title='bbox 1073 4613 1178 4677; x_wconf 90' lang='lat' dir='ltr'><strong>Cuius</strong></span> <span class='ocrx_word' id='word_1_345' title='bbox 1205 4614 1393 4698; x_wconf 87' lang='lat' dir='ltr'><strong>exemplum</strong></span> <span class='ocrx_word' id='word_1_346' title='bbox 1422 4615 1517 4678; x_wconf 88' lang='lat' dir='ltr'><strong>valde</strong></span> <span class='ocrx_word' id='word_1_347' title='bbox 1544 4617 1745 4681; x_wconf 91' lang='lat' dir='ltr'><strong>conueniens</strong></span> 
     </span>
     <span class='ocr_line' id='line_1_36' title="bbox 410 4716 1806 4806; baseline 0.007 -29"><span class='ocrx_word' id='word_1_348' title='bbox 410 4727 457 4777; x_wconf 91' lang='lat' dir='ltr'><strong>est</strong></span> <span class='ocrx_word' id='word_1_349' title='bbox 477 4716 566 4798; x_wconf 92' lang='lat' dir='ltr'><strong>quod</strong></span> <span class='ocrx_word' id='word_1_350' title='bbox 587 4717 666 4781; x_wconf 90' lang='lat' dir='ltr'><strong>dicit</strong></span> <span class='ocrx_word' id='word_1_351' title='bbox 686 4718 884 4795; x_wconf 86' lang='lat' dir='ltr'><strong>Aristoteles,</strong></span> <span class='ocrx_word' id='word_1_352' title='bbox 902 4721 935 4782; x_wconf 90' lang='lat' dir='ltr'><strong>in</strong></span> <span class='ocrx_word' id='word_1_353' title='bbox 959 4719 988 4782; x_wconf 93' lang='lat' dir='ltr'><strong>ll</strong></span> <span class='ocrx_word' id='word_1_354' title='bbox 1011 4720 1050 4783; x_wconf 94' lang='lat' dir='ltr'><strong>de</strong></span> <span class='ocrx_word' id='word_1_355' title='bbox 1073 4722 1185 4784; x_wconf 93' lang='lat' dir='ltr'><strong>anima</strong></span> <span class='ocrx_word' id='word_1_356' title='bbox 1209 4741 1216 4784; x_wconf 94' lang='lat'><strong>:</strong></span> <span class='ocrx_word' id='word_1_357' title='bbox 1242 4722 1396 4804; x_wconf 90' lang='lat' dir='ltr'><strong>quamuis</strong></span> <span class='ocrx_word' id='word_1_358' title='bbox 1420 4723 1508 4785; x_wconf 88' lang='lat' dir='ltr'><strong>enim</strong></span> <span class='ocrx_word' id='word_1_359' title='bbox 1536 4724 1744 4806; x_wconf 89' lang='lat' dir='ltr'><strong>perspicuum</strong></span> <span class='ocrx_word' id='word_1_360' title='bbox 1774 4744 1806 4787; x_wconf 81' lang='lat'><strong>35</strong></span> 
     </span>
     <span class='ocr_line' id='line_1_37' title="bbox 409 4822 1746 4912; baseline 0.007 -28"><span class='ocrx_word' id='word_1_361' title='bbox 409 4822 450 4885; x_wconf 92' lang='lat' dir='ltr'><strong>sit</strong></span> <span class='ocrx_word' id='word_1_362' title='bbox 473 4823 506 4884; x_wconf 90' lang='lat' dir='ltr'><strong>in</strong></span> <span class='ocrx_word' id='word_1_363' title='bbox 530 4825 615 4906; x_wconf 91' lang='lat' dir='ltr'><strong>igne,</strong></span> <span class='ocrx_word' id='word_1_364' title='bbox 635 4838 666 4888; x_wconf 87' lang='lat' dir='ltr'><strong>et</strong></span> <span class='ocrx_word' id='word_1_365' title='bbox 687 4845 769 4901; x_wconf 87' lang='lat' dir='ltr'><strong>aere,</strong></span> <span class='ocrx_word' id='word_1_366' title='bbox 790 4841 820 4891; x_wconf 90' lang='lat' dir='ltr'><strong>et</strong></span> <span class='ocrx_word' id='word_1_367' title='bbox 838 4846 935 4910; x_wconf 90' lang='lat' dir='ltr'><strong>aqua,</strong></span> <span class='ocrx_word' id='word_1_368' title='bbox 958 4841 988 4891; x_wconf 90' lang='lat' dir='ltr'><strong>et</strong></span> <span class='ocrx_word' id='word_1_369' title='bbox 1008 4828 1206 4911; x_wconf 89' lang='lat' dir='ltr'><strong>quibusdam</strong></span> <span class='ocrx_word' id='word_1_370' title='bbox 1231 4828 1394 4912; x_wconf 89' lang='lat' dir='ltr'><strong>lapidibus</strong></span> <span class='ocrx_word' id='word_1_371' title='bbox 1416 4843 1446 4893; x_wconf 89' lang='lat' dir='ltr'><strong>et</strong></span> <span class='ocrx_word' id='word_1_372' title='bbox 1465 4830 1550 4893; x_wconf 89' lang='lat' dir='ltr'><strong>uitro</strong></span> <span class='ocrx_word' id='word_1_373' title='bbox 1569 4850 1608 4893; x_wconf 82' lang='lat' dir='ltr'><strong>ex</strong></span> <span class='ocrx_word' id='word_1_374' title='bbox 1626 4850 1746 4894; x_wconf 91' lang='lat' dir='ltr'><strong>conue-</strong></span> 
     </span>
     <span class='ocr_line' id='line_1_38' title="bbox 410 4928 1745 5020; baseline 0.009 -30"><span class='ocrx_word' id='word_1_375' title='bbox 410 4928 537 4992; x_wconf 88' lang='lat' dir='ltr'><strong>niencia</strong></span> <span class='ocrx_word' id='word_1_376' title='bbox 552 4949 626 4992; x_wconf 91' lang='lat' dir='ltr'><strong>cum</strong></span> <span class='ocrx_word' id='word_1_377' title='bbox 644 4944 799 5015; x_wconf 88' lang='lat' dir='ltr'><strong>perpetuo</strong></span> <span class='ocrx_word' id='word_1_378' title='bbox 814 4933 962 5015; x_wconf 90' lang='lat' dir='ltr'><strong>superius</strong></span> <span class='ocrx_word' id='word_1_379' title='bbox 976 4953 1120 5017; x_wconf 88' lang='lat' dir='ltr'><strong>corpore,</strong></span> <span class='ocrx_word' id='word_1_380' title='bbox 1136 4948 1245 4999; x_wconf 90' lang='lat' dir='ltr'><strong>tamen</strong></span> <span class='ocrx_word' id='word_1_381' title='bbox 1262 4936 1443 5000; x_wconf 90' lang='lat' dir='ltr'><strong>secundum</strong></span> <span class='ocrx_word' id='word_1_382' title='bbox 1459 4937 1622 5020; x_wconf 88' lang='lat' dir='ltr'><strong>singulare</strong></span> <span class='ocrx_word' id='word_1_383' title='bbox 1637 4938 1745 5003; x_wconf 89' lang='lat' dir='ltr'><strong>differt</strong></span> 
     </span>
    </p>
   </div>
   <div class='ocr_carea' id='block_1_3' title="bbox 483 5152 722 5212">
    <p class='ocr_par' dir='ltr' id='par_1_3' title="bbox 483 5152 722 5212">
     <span class='ocr_line' id='line_1_39' title="bbox 483 5152 722 5212; baseline 0.013 -3"><span class='ocrx_word' id='word_1_384' title='bbox 483 5152 492 5186; x_wconf 86' lang='lat'><strong>¹</strong></span> <span class='ocrx_word' id='word_1_385' title='bbox 511 5153 557 5210; x_wconf 88' lang='lat' dir='ltr'><strong>Ms</strong></span> <span class='ocrx_word' id='word_1_386' title='bbox 570 5179 606 5200; x_wconf 87' lang='lat'>=</span> <span class='ocrx_word' id='word_1_387' title='bbox 618 5172 722 5212; x_wconf 89' lang='lat' dir='ltr'><strong>vnum.</strong></span> 
     </span>
    </p>
   </div>
   <div class='ocr_carea' id='block_1_4' title="bbox 0 0 2450 6533">
    <p class='ocr_par' dir='ltr' id='par_1_4' title="bbox 0 0 2450 6533">
     <span class='ocr_line' id='line_1_40' title="bbox 0 0 2450 6533; baseline 0 0"><span class='ocrx_word' id='word_1_388' title='bbox 0 0 2450 6533; x_wconf 95' lang='lat' dir='ltr'><strong> </strong></span> 
     </span>
    </p>
   </div>
  </div>
 </body>
</html>
