4906 6542
665 902 707 943 Xll

707 1134 762 1201 V.'
777 1140 971 1219 Agitation
1007 1140 1214 1203 doctrinale
1250 1147 1286 1203 et
1314 1139 1601 1204 condamnation
1630 1142 1676 1203 de

816 1238 1085 1300 l'averroi'sme.
1111 1241 1210 1302 1270
1246 1286 1672 1300 ........

778 1334 973 1417 Opposition
1004 1334 1061 1397 des
1088 1335 1288 1418 theologiens
1316 1335 1466 1398 seculiers
1493 1349 1604 1398 contre
1633 1336 1678 1398 les

818 1433 980 1513 religieux.
1005 1432 1039 1495 P.
1056 1452 1107 1495 cv.
1124 1469 1162 1478 -
1178 1432 1372 1515 Opposition
1392 1432 1569 1496 doctrinale
1588 1448 1677 1497 entre

817 1530 862 1594 les
874 1531 898 1592 F
901 1532 982 1593 retes
995 1530 1169 1593 Precheurs
1180 1544 1212 1594 et
1223 1532 1269 1594 les
1283 1530 1308 1593 F
1310 1532 1392 1594 retes
1402 1530 1561 1594 Mineurs.
1579 1531 1613 1594 P.
1623 1552 1674 1595 cx.

816 1665 854 1674 —
874 1629 1040 1711 Agitation
1068 1635 1251 1693 averroiste.
1284 1629 1502 1692 lntervention
1532 1629 1677 1693 d'Albert

818 1728 845 1789 le
867 1726 979 1789 Grand
1001 1741 1032 1789 et
1052 1727 1091 1790 de
1114 1727 1263 1790 Thomas
1285 1727 1440 1810 d'hquin.
1467 1727 1501 1789 P.
1523 1748 1619 1790 cxvu.
1638 1764 1676 1773 —

818 1825 976 1888 Premiere
994 1825 1251 1888 condamnation
1266 1825 1306 1888 de
1321 1826 1550 1901 l'averroisme‚
1573 1846 1608 1889 ιο
1623 1826 1676 1889 de'-

816 1923 945 1986 cembre
965 1942 1056 2004 1270.
1076 1924 1110 1986 P.
1127 1942 1256 1986 cxxvur.

695 2056 752 2119 Vl.
776 2058 942 2121 Aotivite
964 2058 1145 2120 litterairo
1164 2058 1210 2120 de
1232 2058 1340 2137 sigor
1360 2058 1407 2120 do
1429 2059 1605 2121 Brabant.
1660 2108 1666 2120 .

778 2155 836 2217 Les
851 2154 943 2217 ecrits
958 2153 997 2217 de
1012 2153 1102 2237 Siger
1116 2153 1156 2217 de
1172 2153 1323 2217 Brabant.
1343 2154 1377 2216 P.
1392 2174 1488 2217 cxxx.
1504 2192 1542 2200 —
1554 2155 1676 2235 Quaes-

757 2316 760 2319 ,
815 2254 920 2315 tiones
940 2252 1100 2334 logicales.
1125 2253 1158 2314 P.
1175 2273 1304 2315 exurit.
1321 2290 1360 2297 -
1377 2253 1494 2315 Utrum
1516 2253 1615 2316 homo
1635 2255 1676 2317 sit

815 2350 938 2413 animal
962 2350 1055 2414 nullo
1078 2351 1211 2414 homine
1232 2350 1413 2414 existente?
1435 2351 1469 2413 P.
1490 2372 1618 2414 cxxxvi.
1637 2390 1675 2399 -

817 2448 1045 2531 Impossibilia.
1071 2448 1161 2531 Siger
1184 2469 1223 2512 en
1249 2462 1295 2512 est
1319 2448 1465 2511 l'auteur.
1490 2449 1525 2512 P.
1548 2471 1619 2513 oxu.
1636 2490 1674 2499 -

815 2547 1030 2627 Quaestiones
1050 2547 1222 2611 naturales.
1241 2547 1275 2610 P.
1292 2569 1396 2610 cxlix.
1414 2585 1452 2593 —
1469 2548 1515 2611 De
1530 2550 1675 2612 Aeterni-

815 2660 877 2710 tate
899 2645 1030 2708 Mundi.
1056 2646 1090 2708 P.
1111 2666 1171 2709 cer.
1193 2683 1232 2692 -
1255 2646 1302 2709 De
1322 2648 1444 2709 Anima
1469 2647 1672 2711 intellectiva.

816 2744 851 2807 P.
868 2764 948 2807 cuv.
963 2782 1002 2790 -
1019 2744 1119 2808 Eorits
1135 2746 1298 2807 inconnus
1313 2745 1352 2807 de
1367 2744 1467 2828 Siger.
1486 2746 1520 2807 P.
1537 2767 1619 2809 cmx.

678 2869 749 2931 Vll.
775 2872 881 2951 sigor
897 2872 943 2933 do
962 2872 1125 2934 Brabant
1145 2873 1353 2934 averrol‘sto
1360 2920 1667 2936 ......

776 2969 820 3031 La
842 2967 1047 3051 philosophie
1062 2968 1234 3031 d’Aristote
1248 2981 1279 3030 et
1294 2968 1324 3031 la
1339 2968 1488 3032 diversite
1503 2970 1559 3033 des
1580 2971 1675 3035 inter-

817 3068 928 3149 pretes.
954 3066 989 3128 P.
1006 3086 1087 3128 curu.
1105 3104 1144 3111 —
1161 3066 1305 3129 Position
1320 3066 1360 3129 de
1375 3067 1465 3150 Siger
1479 3068 1518 3131 de
1534 3068 1675 3134 Brabant

814 3178 845 3227 et
868 3165 908 3227 de
931 3164 1080 3227 Thomas
1103 3164 1247 3247 d'hquin
1272 3166 1290 3227 ὲ
1314 3165 1431 3247 Pegaso
1453 3165 1493 3229 de
1516 3166 1675 3231 l’autorite

815 3262 997 3325 d’Aristote.
1020 3262 1161 3326 Theorie
1176 3262 1215 3325 de
1235 3263 1325 3346 Siger
1339 3283 1395 3325 sur
1409 3263 1455 3326 les
1476 3278 1621 3347 rapports
1635 3265 1674 3328 de

815 3361 844 3423 la
862 3361 1068 3444 philosophie
1082 3375 1112 3424 et
1126 3360 1166 3423 de
1180 3360 1211 3423 la
1226 3360 1282 3425 loi.
1303 3361 1336 3424 P.
1351 3382 1454 3424 erxrv.
1467 3400 1506 3408 -
1518 3362 1674 3427 Diversite

814 3458 854 3521 de
879 3461 1061 3542 jugements
1085 3480 1125 3521 au
1148 3458 1269 3522 Xlllme
1290 3460 1383 3523 siecle
1405 3481 1461 3523 sur
1482 3460 1527 3524 les
1550 3481 1674 3525 erreurs

814 3558 986 3620 d’Aristote
1001 3571 1031 3620 et
1044 3557 1075 3620 la
1091 3571 1204 3621 nature
1217 3557 1257 3621 de
1271 3558 1499 3622 l'averroisme.
1519 3559 1552 3622 P.
1568 3580 1671 3623 clxxi.

814 3694 852 3701 —
867 3654 1008 3718 Theorie
1022 3655 1062 3718 de
1077 3655 1166 3738 Siger
1180 3655 1220 3718 de
1236 3656 1377 3719 Brabant
1396 3677 1451 3719 sur
1471 3657 1500 3720 la
1523 3658 1671 3740 ne'gation

812 3754 903 3817 dela
927 3753 1132 3816 Providence.
1158 3754 1192 3815 P.
1213 3775 1351 3817 cuxxvu.
1375 3755 1498 3817 —Sur
1520 3756 1673 3821 l’eternite

814 3852 858 3916 du
876 3851 1006 3915 monde.
1030 3851 1064 3914 P.
1082 3872 1196 3915 clxxx.
1213 3889 1252 3898 —
1267 3853 1331 3916 Sur
1346 3853 1458 3916 l'unite'
1473 3854 1512 3917 de
1532 3854 1674 3918 l'intelli-

812 3970 911 4033 gence
926 3950 1094 4013 humaine.
1114 3950 1302 4033 Polemique
1313 3951 1353 4014 de
1366 3950 1516 4014 Thomas
1528 3953 1671 4036 d’Aquin

1850 1069 1930 1125 Pagos.

1844 1258 1995 1301 chenu(

1837 2080 1994 2123 cxxx-clx
2035 2084 2038 2089 ”

1838 2894 1993 2938 CLXI-CCVI

813 4062 924 4112 contre
939 4048 1028 4131 Slger
1042 4049 1082 4112 de
1099 4049 1249 4112 Brabant.
1270 4049 1302 4111 P.
1320 4070 1469 4112 cuxxxru.
1484 4087 1521 4095 —
1532 4050 1673 4115 Theorle
1795 4092 1798 4097 ·

814 4147 854 4210 de
875 4147 965 4229 Sigen
985 4167 1041 4210 sur
1063 4146 1093 4210 la
1115 4148 1236 4211 liberte'.
1264 4148 1422 4230 Negation
1445 4150 1485 4211 de
1508 4169 1567 4212 son
1592 4151 1673 4213 exis-

813 4258 913 4308 tence.
933 4245 966 4307 P.
984 4266 1088 4309 cxciv.
1102 4240 1140 4291 -’
1154 4245 1199 4308 De
1215 4245 1244 4308 la
1260 4246 1371 4309 valeur
1385 4245 1423 4309 de
1439 4247 1529 4330 Siger
1543 4267 1672 4310 comme

815 4343 1018 4426 philosophe.
1037 4344 1071 4406 P.
1086 4365 1134 4408 ce.
1150 4344 1262 4408 —Des
1277 4364 1388 4408 causes
1400 4345 1439 4408 de
1455 4346 1672 4409 l'averro'isme

813 4442 890 4505 chez
904 4442 993 4525 Siger
1007 4442 1047 4505 de
1063 4443 1214 4507 Brabant.
1233 4443 1268 4506 P.
1285 4464 1366 4507 cerv.

662 4566 750 4629 Vlll.
775 4570 881 4649 sigor
904 4570 950 4631 do
974 4572 1137 4633 Brabant
1159 4577 1195 4633 et
1218 4571 1273 4632 leo
1296 4572 1463 4633 troubles
1487 4572 1673 4634 universi-

812 4669 938 4730 taires.
968 4670 1186 4732 1271-1276
1238 4716 1663 4731 ........

774 4765 1022 4847 Conse'quences
1059 4765 1099 4828 de
1137 4766 1168 4828 la
1207 4767 1463 4829 condamnation
1499 4766 1538 4828 de
1578 4786 1670 4848 1270.

816 4863 850 4923 P.
867 4883 960 4925 ccvu.
979 4900 1016 4909 —
1032 4863 1182 4926 Schisme
1202 4863 1284 4926 dans
1309 4864 1338 4926 la
1364 4865 1493 4927 Faculte
1515 4866 1570 4929 des
1594 4878 1669 4929 arts.

815 4960 849 5022 P.
862 4981 931 5023 ccx.
942 4961 1152 5044 *De'partde
1160 4962 1309 5025 Thomas
1319 4963 1474 5045 d'Aquln.
1489 4963 1523 5027 P.
1534 4984 1672 5026 ccxv.-

813 5058 981 5141 Arbitrage
996 5059 1040 5122 du
1057 5060 1138 5143 le'gat
1152 5061 1269 5124 Simon
1282 5061 1322 5124 de
1335 5061 1444 5129 Brion.
1460 5082 1478 5145 7
1494 5064 1557 5124 mai
1577 5065 1669 5146 1275.

817 5157 849 5218 P.
876 5177 980 5222 ccxxi.
1007 5196 1044 5204 —
1068 5159 1305 5223 Continuation
1332 5160 1387 5223 des
1413 5160 1555 5225 troubles
1579 5162 1672 5226 etde

1768 4689 1991 4732 cevlt-chxvlt
