4892 6540
989 909 1195 973 „25-

426 1098 512 1181 cipio
535 1097 591 1181 qui
615 1116 712 1162 causa
735 1096 825 1161 illius
847 1096 973 1161 ordinis
995 1109 1053 1172 est,
1077 1095 1119 1160 sit
1140 1107 1282 1160 causata.
1307 1094 1427 1160 Omnis
1449 1108 1558 1159 autem
1584 1095 1762 1161 multitudo

427 1204 557 1269 orbium
587 1217 618 1269 et
646 1203 825 1279 stellarum,
856 1205 889 1266 in
918 1204 1010 1268 omni
1041 1218 1132 1268 motu
1162 1222 1233 1279 suo,
1262 1202 1302 1266 ad
1329 1221 1432 1265 vnum
1462 1215 1493 1266 et
1521 1203 1607 1267 idem
1637 1203 1765 1287 respicit

428 1324 572 1395 respectu
600 1312 695 1375 cuius
727 1311 907 1375 secundum
942 1310 1064 1376 formas
1092 1311 1205 1375 omnia
1235 1309 1369 1374 mobilia
1397 1323 1568 1373 mutantur
1596 1311 1763 1387 continue,

428 1419 582 1502 quamuis
603 1418 784 1482 secundum
808 1438 841 1482 se
862 1431 928 1483 tota
950 1432 981 1482 et
1002 1417 1183 1482 secundum
1207 1436 1323 1481 omnes
1347 1430 1452 1500 partes
1477 1436 1544 1481 non
1570 1432 1766 1482 moueantur

428 1525 610 1588 secundum
638 1524 760 1589 locum.
789 1524 860 1589 Hoc
885 1537 993 1588 autem
1018 1537 1065 1588 est
1088 1537 1236 1588 centrum
1260 1538 1291 1588 et
1317 1524 1413 1606 polus
1436 1539 1579 1608 vterque.
1605 1524 1763 1590 Centrum
1795 1542 1808 1586 5

429 1632 517 1694 enim
534 1644 565 1695 et
580 1632 645 1714 poli
665 1632 705 1694 ad
721 1651 824 1695 vnum
840 1645 871 1695 et
885 1631 1038 1696 eumdem
1058 1651 1150 1695 arem
1167 1651 1265 1714 quem
1287 1650 1439 1715 menegar
1453 1634 1631 1696 astronomi
1648 1646 1766 1696 vocant

430 1736 623 1802 reseruntur.
647 1737 847 1801 Huiusmodi
866 1757 942 1821 ergo
960 1738 1087 1802 ordinis
1105 1738 1145 1801 de
1165 1738 1351 1802 necessitate
1370 1757 1466 1803 causa
1486 1753 1533 1803 est
1551 1739 1674 1823 aliqua,
1689 1760 1767 1824 que·

429 1864 559 1929 cunque
581 1846 622 1910 sit
644 1845 710 1908 illa.
736 1845 912 1909 Probatum
935 1858 1043 1908 autern
1066 1858 1113 1908 est
1133 1845 1222 1929 quod
1245 1859 1353 1909 motus
1373 1845 1485 1909 localis
1505 1847 1609 1930 [Μ]
1630 1867 1697 1911 non
1719 1860 1767 1911 est

431 1953 492 2016 nisi
514 1972 533 2016 a
551 1965 725 2036 generante
746 1952 857 2036 aliquo
876 1952 964 2036 quod
986 1951 1097 2015 dando
1118 1951 1259 2015 formam
1279 1952 1334 2016 dat
1357 1966 1496 2017 motum.
1521 1953 1604 2036 Ergo
1626 1954 1658 2016 id
1677 1953 1765 2037 quod

431 2073 558 2124 motum
581 2058 752 2124 celestibus
773 2059 887 2124 tribuit
907 2071 1032 2143 oportet
1052 2058 1140 2142 quod
1163 2059 1204 2122 sit
1223 2079 1381 2142 generans
1403 2080 1439 2124 ea
1461 2061 1642 2124 secundum
1665 2081 1765 2124 vnam
1799 2090 1828 2122 ιο

431 2167 584 2232 formam.
605 2166 721 2231 Celum
742 2186 828 2250 ergo,
844 2185 919 2231 cum
940 2167 1173 2250 omnibusque
1188 2168 1221 2229 in
1239 2167 1309 2250 ipso
1324 2181 1412 2243 sunt,
1431 2169 1577 2251 genitum
1593 2181 1641 2232 est
1655 2188 1768 2232 secun·

431 2277 511 2340 dum
532 2275 754 2340 substanciam
770 2289 801 2339 et
817 2289 980 2350 naturam,
1000 2287 1031 2338 et
1050 2274 1095 2337 sic
1117 2275 1239 2357 posicio
1253 2294 1351 2358 quam
1373 2274 1488 2338 dicunt
1507 2276 1689 2359 improbata
1707 2290 1765 2341 est.

432 2384 466 2448 Si
486 2396 595 2448 autern
611 2382 697 2447 dicat
714 2382 832 2466 aliquis
847 2382 935 2466 quod
957 2383 1017 2446 hoc
1036 2396 1083 2447 est
1097 2402 1210 2446 verum
1233 2383 1266 2445 in
1287 2382 1430 2465 hiisque
1449 2397 1624 2447 mouentur
1639 2396 1768 2448 natura-

434 2491 504 2556 liter
524 2503 555 2556 et
577 2510 644 2555 non
666 2492 699 2554 in
720 2491 867 2575 hiisque
889 2503 1065 2555 mouentur
1083 2490 1125 2554 ab
1144 2490 1268 2567 anima,
1290 2489 1352 2554 hoc
1374 2488 1456 2552 nihil
1478 2503 1537 2565 est,
1559 2492 1637 2574 quia
1658 2504 1768 2555 motus

432 2599 636 2682 superiorum
657 2616 725 2661 non
744 2597 834 2661 solus
853 2610 900 2662 est
918 2597 960 2661 ab
979 2598 1090 2660 anima
1110 2597 1290 2661 secundum
1310 2616 1365 2661 eos
1379 2598 1436 2681 qui
1457 2598 1621 2680 superiora
1640 2599 1768 2662 animas
1800 2615 1828 2660 1⁵

433 2705 550 2770 habere
564 2705 778 2769 contendunt.
797 2705 831 2767 Si
846 2706 935 2768 enim
956 2705 998 2768 ab
1018 2706 1131 2768 anima
1150 2704 1218 2768 sola
1238 2716 1321 2768 esset
1341 2718 1372 2769 et
1391 2724 1457 2768 non
1479 2724 1497 2768 a
1518 2718 1645 2781 natura,
1666 2707 1766 2769 eciam

432 2832 606 2896 corporum
623 2812 848 2876 lassitudinem
866 2812 1031 2877 induceret
1045 2809 1225 2875 secundum
1242 2812 1367 2895 eosqui
1384 2811 1560 2895 posicionis
1580 2812 1678 2875 huius
1692 2827 1769 2876 sunt

434 2919 638 3003 professores.
660 2919 746 2983 Cum
766 2939 841 3003 ergo
861 2934 975 2983 nature
993 2917 1168 3002 corporalis
1183 2918 1250 2981 sint
1264 2917 1348 2981 idem
1371 2932 1491 2996 motus,
1507 2919 1552 2982 sic
1566 2938 1769 3003 consequens

435 3040 584 3091 naturam
609 3040 641 3092 et
664 3026 803 3090 formam
828 3045 1001 3109 corporum
1024 3025 1171 3109 sequitur
1192 3025 1233 3088 de
1257 3026 1454 3102 necessitate,
1476 3026 1566 3109 quod
1587 3039 1682 3091 antea
1704 3028 1767 3090 iam

433 3134 625 3199 conclusum
653 3145 722 3210 est;
751 3145 880 3216 propter
905 3133 993 3216 quod
1020 3133 1080 3215 ipsi
1109 3132 1309 3215 philosophi,
1337 3144 1373 3196 ut
1397 3134 1557 3197 auicenna
1582 3149 1612 3199 et
1637 3134 1769 3218 algazel,
1799 3162 1831 3195 20

434 3243 548 3306 dicunt
574 3260 641 3306 non
669 3259 737 3305 esse
764 3240 965 3324 prohibitum
994 3240 1075 3323 quin
1102 3239 1249 3303 mundus
1276 3259 1331 3323 per
1356 3242 1559 3305 occasionem
1587 3240 1690 3305 factus
1716 3244 1770 3319 sit,

433 3350 588 3434 quamuis
617 3361 725 3413 motus
752 3361 784 3413 et
813 3347 934 3412 mobile
967 3348 1110 3430 primum
1140 3366 1208 3411 non
1237 3348 1303 3411 sint
1331 3346 1414 3412 facta
1443 3368 1498 3431 per
1524 3351 1768 3428 generacionem

436 3458 608 3542 phisicam,
630 3470 662 3521 et
682 3457 837 3540 quamuis
859 3476 925 3520 non
950 3457 1016 3520 sint
1038 3455 1225 3519 desinencia
1250 3475 1305 3538 per
1329 3456 1486 3539 phisicam
1510 3459 1768 3540 corrupcionem.

436 3566 483 3630 De
503 3566 563 3630 hac
581 3577 690 3630 autem
706 3566 875 3649 questione
890 3565 923 3627 in
939 3563 1011 3627 aliis
1026 3564 1143 3647 scripta
1158 3563 1251 3647 plura
1266 3577 1363 3640 sun13
1379 3576 1410 3627 et
1425 3563 1497 3627 ideo
1512 3565 1571 3628 ista
1591 3563 1768 3630 sufficiunt.

435 3672 487 3736 Ad
502 3672 565 3737 hoc
580 3686 688 3737 tamen
704 3674 806 3737 eciam
823 3673 982 3755 pertinet¹
996 3671 1086 3755 quod
1099 3673 1131 3735 in
1150 3682 1186 3734 20
1199 3672 1379 3735 arismetice
1399 3670 1571 3754 probatum
1588 3673 1683 3736 estin
1701 3672 1771 3736 loco
1800 3690 1831 3734 2⁵

435 3780 491 3863 qui
508 3781 666 3843 immotus
680 3793 824 3857 vocatur,
839 3779 929 3863 quod
948 3779 1068 3844 scilicet
1081 3780 1192 3843 omnis
1212 3777 1436 3861 multiplicitas
1450 3778 1491 3841 ad
1507 3779 1662 3842 vnitatem
1679 3779 1772 3843 redu·

435 3888 519 3952 citur
532 3907 596 3971 que
614 3907 710 3952 causa
728 3887 955 3951 substancialis
974 3900 1021 3951 est
1041 3886 1289 3970 multiplicitatis
1312 3885 1410 3949 illius.
1432 3885 1617 3967 Queramus
1636 3906 1711 3969 ergo
1729 3887 1769 3950 ad

435 3995 516 4079 quid
530 3997 653 4060 causari
667 4014 793 4079 semper
804 3996 913 4060 omnis
926 3995 1089 4059 reducitur
1098 3994 1242 4059 celorum
1254 4006 1285 4058 et
1299 3993 1465 4057 stellarum
1477 4007 1507 4057 et
1520 4006 1670 4057 motuum
1687 3995 1772 4058 mul-

436 4102 598 4186 tiplicitas.
616 4102 655 4166 Et
669 4101 801 4167 cuilibet
816 4115 901 4186 patet
914 4102 1002 4185 quod
1018 4101 1130 4175 reduci
1147 4121 1214 4165 non
1232 4114 1333 4184 potest
1349 4102 1410 4164 nisi
1426 4106 1439 4144 ²
1457 4100 1498 4165 ad
1519 4102 1615 4184 primi
1637 4104 1772 4166 motoris

437 4210 593 4274 unitatem
623 4230 722 4293 quam
751 4230 867 4274 omnes
900 4209 1066 4274 inferiores
1095 4210 1129 4272 in
1160 4209 1303 4273 motibus
1335 4211 1403 4272 suis
1436 4210 1618 4273 secundum
1647 4210 1772 4294 aliquid
1802 4227 1834 4271 30

437 4318 630 4383 desiderant.
647 4318 681 4383 st
703 4332 811 4382 autem
835 4318 995 4383 subtiliter
1018 4318 1210 4401 inspiciatur
1232 4337 1296 4400 que
1319 4336 1415 4381 causa
1439 4317 1480 4381 sit
1504 4317 1591 4381 illius
1615 4316 1772 4382 deformis

437 4427 601 4502 desiderii,
617 4445 683 4489 non
701 4438 804 4510 potest
817 4426 936 4509 aliquis
950 4425 1055 4490 dicere
1069 4425 1156 4510 quod
1173 4425 1235 4489 alia
1256 4426 1297 4488 sit
1316 4425 1378 4487 nisi
1400 4424 1582 4495 similitudo
1597 4424 1772 4510 inperfecta

437 4533 479 4597 ad
491 4553 621 4597 causam
638 4535 789 4617 primam.
800 4533 875 4597 Non
889 4534 977 4597 enim
991 4533 1116 4617 aliquid
1130 4533 1252 4617 appetit
1265 4531 1357 4595 aliud
1373 4533 1435 4594 nisi
1453 4552 1508 4615 per
1522 4531 1771 4597 similitudinem

438 4661 537 4725 quam
561 4641 657 4705 habet
676 4639 716 4704 ad
735 4640 846 4718 aliud3
871 4661 929 4704 uec
947 4640 1072 4725 aliquid
1094 4653 1244 4705 mouetur
1257 4640 1298 4703 ad
1313 4639 1403 4704 aliud
1424 4640 1486 4703 nisi
1508 4652 1636 4724 propter
1656 4639 1774 4723 perfec-

438 4750 588 4813 cionem⁸
601 4767 701 4831 quam
718 4747 814 4812 habet
827 4748 860 4810 in
875 4748 931 4812 illo
942 4748 1031 4832 [213]
1043 4748 1132 4832 quod
1142 4748 1274 4831 appetit.
1285 4747 1475 4811 Similitudo
1491 4748 1587 4831 igitur
1603 4749 1697 4830 primi
1708 4767 1772 4831 que
1802 4764 1833 4809 3⁵

439 4857 534 4921 estin
550 4855 707 4919 omnibus
726 4869 758 4919 et
777 4855 949 4940 multiplex
970 4869 1028 4933 est,
1046 4857 1079 4919 in
1102 4855 1167 4919 illis
1187 4856 1311 4919 causari
1335 4875 1403 4920 non
1427 4857 1532 4939 potuit
1554 4856 1616 4918 nisi
1637 4875 1692 4938 per
1711 4854 1774 4919 boc

439 4963 528 5047 quod
537 4974 666 5026 causata
677 4963 805 5027 suntab
820 4962 887 5026 illo.
898 4963 1020 5027 Omnia
1031 4964 1118 5027 enim
1130 4983 1272 5046 quorum
1283 4977 1330 5027 est
1343 4963 1525 5027 similitudo
1537 4963 1720 5027 essencialis
1732 4962 1773 5026 ad

521 5188 530 5224 ¹
550 5188 595 5244 bls
608 5215 644 5234 =
657 5199 781 5265 oportet.
802 5220 834 5227 -
856 5187 867 5220 ¹
886 5187 1019 5265 Marsque
1031 5186 1106 5242 dans
1120 5186 1148 5242 le
1161 5203 1213 5242 ms.
1239 5218 1273 5229 ·-
1288 5187 1299 5220 ³
1319 5187 1364 5244 llis
1377 5213 1412 5231 -τ
1426 5185 1690 5260 imperleccionem.
