4880 6546
695 902 811 947 CXCVIII

696 1071 896 1159 empechee.
926 1071 1040 1138 L'acte
1067 1071 1234 1151 humain,
1263 1069 1442 1150 toutefois,
1470 1091 1506 1137 se
1531 1083 1655 1137 trouve
1681 1069 1975 1137 necessairement
2001 1068 2029 1136 si

697 1188 729 1254 la
758 1209 862 1254 cause
890 1189 977 1254 n'est
1002 1208 1064 1274 pas
1090 1187 1291 1275 empechee,
1318 1208 1378 1254 car
1403 1201 1483 1253 tous
1512 1186 1561 1252 les
1586 1185 1684 1253 effets
1710 1200 1791 1253 sont
1821 1185 2031 1252 necessaires

697 1324 760 1391 par
787 1318 930 1391 rapport
951 1325 1021 1369 aux
1041 1324 1164 1370 causes
1185 1304 1248 1390 qui
1271 1303 1319 1369 les
1342 1303 1561 1389 produisent.
1589 1303 1704 1382 Ainsi‚
1723 1324 1769 1368 on
1792 1315 1883 1389 peut
1894 1301 2032 1367 mourir

696 1441 742 1486 ou
772 1441 864 1507 pour
888 1419 987 1485 avoir
1012 1419 1161 1487 absorbe
1187 1421 1248 1485 des
1273 1419 1441 1485 aliments
1467 1432 1546 1505 trop
1573 1418 1722 1498 chauds‚
1747 1439 1793 1483 ou
1822 1417 1901 1484 bien
1928 1438 2031 1504 parce

697 1557 766 1623 que
788 1535 883 1601 l'etre
904 1536 1026 1601 vivant
1047 1549 1097 1601 est
1117 1535 1284 1622 composi
1306 1534 1513 1601 d'elt'ements
1535 1535 1728 1601 contraires
1745 1534 1806 1621 qui
1830 1533 1860 1600 le
1883 1534 2033 1599 rendent

697 1651 926 1739 corruptible.
954 1652 1051 1718 Dans
1078 1652 1109 1717 la
1136 1652 1286 1717 seconde
1313 1651 1522 1738 hypothese‚
1550 1650 1610 1737 qui
1638 1665 1689 1717 est
1716 1650 1745 1716 le
1771 1650 1900 1716 second
1929 1650 2032 1715 mode

696 1770 739 1834 de
769 1768 974 1848 necessaire,
1002 1789 1048 1833 on
1077 1789 1119 1833 ne
1146 1782 1228 1854 peut
1253 1767 1375 1834 obvier
1400 1767 1420 1832 a
1447 1767 1478 1832 la
1504 1788 1608 1833 cause
1633 1767 1714 1833 d'oit
1741 1765 1885 1833 decoule
1915 1764 2030 1832 l'effet.

699 1885 724 1950 ll
755 1907 798 1951 en
825 1898 877 1951 est
901 1898 1103 1950 autrement
1131 1886 1220 1949 dans
1247 1882 1370 1949 l'autre
1395 1904 1466 1963 cas,
1494 1883 1615 1970 quand
1644 1881 1782 1949 l'action
1813 1881 1966 1948 nuisible
1991 1882 2033 1948 de

699 2001 731 2067 la
756 2021 860 2067 cause
888 2014 971 2088 peut
997 2002 1068 2066 etre
1093 2001 1295 2066 combuttue
1321 2012 1354 2066 et
1379 1998 1594 2086 supprimee.
1623 1998 1715 2065 C’est
1741 1998 1772 2064 la
1799 1998 1829 2064 le
1854 1998 2032 2064 troisieme

700 2125 802 2191 mode
824 2119 866 2183 de
890 2116 1095 2196 necessaire,
1119 2137 1164 2181 ou
1189 2115 1381 2182 necessaire
1402 2114 1660 2194 conditionnel‚
1678 2113 1768 2181 celui
1791 2113 1852 2201 qui
1876 2114 1964 2202 regit
1985 2115 2033 2181 les

697 2240 834 2309 actions
862 2234 1067 2313 humaines,
1092 2244 1126 2298 et
1151 2231 1356 2319 n’empeche
1379 2252 1442 2319 pas
1465 2232 1574 2318 qu'on
1601 2231 1720 2317 puisse
1746 2230 1794 2296 les
1818 2230 1938 2317 punir.
1965 2231 2034 2297 Car

700 2358 779 2425 bien
805 2375 874 2441 que
899 2350 1038 2417 l’action
1065 2347 1238 2415 humaine
1260 2369 1295 2414 se
1317 2347 1484 2435 produise
1509 2347 1804 2413 necessairement
1824 2346 1853 2413 si
1876 2346 1908 2412 la
1930 2367 2034 2414 cause

699 2488 751 2541 est
771 2469 886 2560 posee,
910 2466 1107 2554 cependant
1128 2485 1230 2551 parce
1252 2484 1321 2550 que
1344 2463 1379 2529 ni
1402 2476 1489 2529 cette
1510 2483 1613 2529 cause
1637 2463 1672 2528 ni
1695 2483 1759 2529 son
1782 2461 1862 2529 effet
1886 2483 1929 2529 ne
1953 2477 2035 2529 sont

701 2586 912 2657 necessaires
935 2585 978 2649 de
1002 2581 1067 2662 soi,
1093 2581 1189 2647 etant
1211 2579 1330 2646 donne
1353 2578 1439 2667 qu’il
1463 2593 1515 2645 est
1537 2578 1690 2666 possible
1716 2580 1758 2644 de
1785 2578 1861 2645 leur
1883 2599 2034 2666 opposer

700 2708 760 2772 des
776 2701 958 2779 obstacles‚
976 2719 1022 2765 on
1040 2712 1135 2785 peut,
1152 2698 1242 2762 dans
1258 2697 1299 2762 de
1317 2695 1380 2762 tels
1397 2717 1467 2775 cas,
1485 2695 1594 2783 punir
1609 2695 1657 2761 les
1674 2694 1811 2761 actions
1830 2695 2032 2761 humaines.

703 2823 768 2889 Les
795 2817 1022 2906 persuasions
1047 2827 1080 2880 et
1106 2814 1154 2880 les
1181 2813 1365 2900 punitions
1392 2825 1473 2878 sont
1497 2813 1690 2899 justement
1715 2811 1764 2878 les
1790 2811 1961 2878 obstacles
1987 2832 2033 2878 ou

701 2937 957 3005 medicaments
981 2930 1135 2999 destines
1160 2929 1180 2995 ὲ
1205 2928 1394 3016 empecher
1420 2928 1558 2994 l'action
1586 2928 1647 2993 des
1673 2948 1794 2994 causes
1818 2928 1879 3014 qui
1907 2928 2034 2993 entral-

702 3069 788 3121 nent
807 3051 979 3116 l'homme
999 3068 1077 3113 vers
1098 3045 1127 3112 le
1150 3045 1220 3111 mal
1239 3049 1261 3109 1.

789 3284 798 3315 ¹
819 3280 984 3336 Dicendum
1003 3276 1084 3349 quod
1104 3275 1299 3331 necessarium
1322 3286 1417 3346 potest
1438 3273 1557 3343 intelligi
1575 3273 1611 3327 ad
1633 3289 1767 3345 praesens
1788 3273 1945 3346 tripliciter.
1968 3274 2035 3328 Uno

702 3372 792 3429 modo
816 3371 891 3426 sicut
913 3380 956 3423 est
979 3366 1174 3421 necessarium
1198 3364 1375 3428 coactionis;
1397 3376 1425 3418 et
1445 3364 1499 3417 tale
1520 3363 1713 3418 necessarium
1739 3380 1798 3418 non
1820 3374 1915 3434 potest
1935 3363 2036 3418 cadere

701 3462 729 3517 in
751 3462 911 3524 voluntate,
936 3458 1005 3528 quia
1025 3457 1162 3511 voluntas
1185 3454 1214 3508 in
1235 3453 1361 3508 volendo
1384 3453 1447 3523 cogi
1471 3469 1531 3507 non
1555 3464 1660 3524 potest.
1683 3452 1835 3523 Quidquid
1859 3453 1937 3507 enim
1960 3454 2033 3519 vult,

700 3563 768 3623 apta
785 3551 858 3614 vult,
880 3561 906 3604 et
927 3564 987 3601 non
1008 3550 1110 3600 contra
1129 3544 1191 3613 ejus
1213 3544 1367 3614 impetum.
1390 3542 1591 3597 Necessarium
1611 3558 1678 3597 vero
1700 3542 1859 3598 coactionis
1878 3542 1985 3597 cadens
2006 3543 2035 3597 in

700 3640 813 3695 actione
837 3636 966 3693 hominis
990 3633 1086 3706 puniri
1110 3649 1170 3688 non
1193 3632 1288 3687 debet.
1314 3632 1380 3687 Non
1401 3631 1480 3686 enlm
1505 3631 1687 3702 punirendus
1710 3644 1753 3686 est
1775 3632 1881 3702 aliquis
1904 3631 1959 3686 nisi
1984 3648 2035 3703 pro

700 3746 734 3785 eo
759 3727 840 3800 quod
868 3726 945 3781 lacit.
972 3723 1059 3793 Quod
1083 3736 1181 3778 autem
1207 3723 1274 3793 quis
1299 3733 1419 3776 coactus
1442 3720 1519 3786 lacit,
1547 3720 1637 3775 lacere
1662 3737 1722 3775 non
1745 3720 1868 3786 videtur,
1895 3737 1928 3775 eo
1953 3720 2035 3792 quod

700 3817 863 3874 voluntarie
885 3833 943 3871 non
966 3816 1043 3870 facit.
1065 3812 1190 3868 Ponitur
1207 3811 1284 3866 enim
1308 3827 1342 3865 ne
1363 3810 1467 3865 iterum
1489 3810 1560 3865 illud
1579 3811 1647 3865 velit
1666 3822 1694 3865 et
1714 3810 1808 3865 faciat.
1830 3811 1917 3865 Nunc
1937 3823 2035 3865 autem

701 3907 773 3963 illud
794 3908 895 3961 volens
917 3921 975 3959 non
998 3903 1129 3968 faciebat,
1150 3913 1176 3956 et
1195 3900 1224 3954 in
1246 3900 1310 3972 ipso
1328 3899 1414 3955 etiam
1435 3916 1493 3954 non
1515 3911 1558 3954 est
1576 3911 1609 3955 ut
1626 3898 1762 3954 eumdem
1784 3911 1883 3954 actum
1904 3901 1974 3954 alias
1995 3900 2036 3954 sic

701 3997 787 4052 faciat
810 3997 852 4051 vel
878 4011 937 4049 non
962 3994 1055 4048 saciat.
1082 3990 1167 4046 Unde
1193 3989 1387 4044 necessarium
1412 3989 1571 4045 coactionis
1596 3989 1781 4060 punitionem
1806 4006 1864 4044 non
1889 3990 1985 4045 habet.
2003 4020 2037 4030 —-

701 4085 839 4142 Secundo
860 4083 950 4139 modo
973 4093 1068 4154 potest
1090 4079 1206 4149 intelligi
1230 4079 1425 4134 necessarium
1447 4080 1476 4133 in
1498 4080 1648 4134 voluntate
1668 4090 1695 4133 et
1715 4078 1829 4134 actione
1850 4080 1990 4144 humana,
2012 4078 2035 4133 si

702 4176 769 4246 quis
789 4192 822 4230 ex
843 4190 931 4229 causa
951 4189 1025 4243 quae
1045 4188 1104 4225 non
1126 4182 1222 4241 potest
1242 4168 1375 4240 impediri
1394 4168 1461 4223 velit
1481 4168 1603 4238 aliquid,
1622 4180 1650 4223 et
1669 4184 1717 4239 per
1734 4184 1918 4238 consequens
1940 4168 2034 4224 saciat.

703 4266 737 4320 Et
757 4265 779 4319 si
798 4265 853 4319 tale
874 4260 1069 4318 necessarium
1091 4270 1166 4315 esset
1184 4259 1212 4314 in
1232 4259 1346 4314 actibus
1366 4258 1515 4323 humanis,
1539 4274 1598 4312 non
1618 4258 1802 4329 punirentur.
1824 4258 1942 4313 Punitio
1957 4258 2034 4313 enim

703 4372 718 4409 a
734 4365 809 4409 recta
824 4353 934 4408 ratione
949 4351 1103 4407 ordinatur
1117 4350 1192 4405 sicut
1212 4348 1458 4420 impedimentum
1474 4364 1578 4403 causae
1593 4365 1626 4401 ex
1642 4365 1701 4419 qua
1716 4364 1804 4403 causa
1819 4349 1910 4402 homo
1925 4348 2035 4418 aliquid

702 4444 796 4499 voluit
821 4455 847 4498 et
872 4458 921 4513 per
942 4456 1127 4511 consequens
1150 4438 1226 4493 lecit.
1252 4438 1339 4507 Quod
1363 4439 1386 4493 si
1411 4450 1526 4492 nostrae
1546 4437 1712 4492 voluntates
1735 4449 1762 4492 et
1784 4438 1913 4492 actiones
1936 4438 2037 4493 fierent

702 4550 736 4587 ex
751 4532 847 4587 causis
864 4548 923 4586 non
939 4530 1013 4585 natis
1029 4529 1173 4600 impedIri,
1188 4528 1281 4583 otlose
1297 4529 1500 4597 legumlatores
1515 4527 1683 4598 punitiones
1697 4526 1874 4583 ordinarent.
1890 4559 1924 4566 —
1937 4527 2036 4582 Tertio

704 4621 794 4676 modo
812 4633 854 4675 est
874 4619 1069 4675 necessarium
1091 4619 1120 4673 in
1142 4618 1256 4673 actibus
1275 4616 1438 4672 secundum
1459 4617 1540 4687 quod
1559 4615 1678 4671 effectus
1698 4616 1869 4688 proveniens
1887 4633 1921 4670 ex
1939 4616 2036 4688 aliqua

702 4726 790 4765 causa
810 4726 885 4781 quae
906 4723 972 4765 nata
992 4721 1036 4763 est
1056 4708 1200 4778 impediri,
1220 4723 1235 4761 a
1254 4724 1312 4778 qua
1331 4719 1428 4762 tamen
1447 4706 1586 4761 eilstente
1605 4705 1632 4759 in
1651 4705 1845 4776 dispositione
1865 4705 1912 4759 illa
1930 4705 1959 4760 in
1978 4721 2037 4776 qua

701 4798 820 4855 effectus
843 4799 878 4853 ab
901 4816 933 4853 ea
957 4797 1089 4870 provenit
1111 4811 1138 4852 et
1161 4798 1224 4868 ipsa
1245 4813 1304 4851 non
1325 4795 1465 4867 impedita
1486 4811 1601 4849 necesse
1621 4806 1664 4849 est
1684 4794 1819 4850 effectum
1842 4794 1964 4849 evenire.
1987 4795 2036 4850 Sic

668 4914 672 4919 ·
703 4889 781 4943 enim
797 4888 894 4943 omnis
912 4886 1032 4943 effectus
1052 4898 1182 4958 respectu
1203 4902 1271 4941 suae
1289 4902 1394 4941 causae
1411 4898 1454 4940 est
1473 4884 1662 4949 necessarius
1684 4896 1716 4939 ut
1733 4886 1795 4940 vult
1809 4884 1967 4951 Avicenna‚
1986 4898 2036 4940 aut

704 4994 795 5033 asna
817 4994 905 5060 causa
927 4994 985 5031 non
1009 4977 1144 5031 eveniret.
1170 4976 1204 5030 Et
1227 4977 1283 5029 hoc
1306 4974 1500 5030 necessarium
1524 4986 1551 5029 et
1574 4974 1704 5029 secundo
1728 4974 1818 5029 modo
1841 4974 2035 5030 necessarium

706 5069 834 5122 multum
851 5065 999 5125 differunt.
1016 5065 1165 5120 Comestio
1180 5065 1258 5119 enim
1275 5064 1435 5119 calidorum
1456 5063 1615 5134 aliquando
1632 5077 1756 5119 mortem
1776 5064 1899 5130 inducit,
1915 5077 1943 5120 et
1957 5081 2037 5119 com-

707 5157 814 5235 positio
830 5156 952 5215 viventis
967 5172 1001 5211 ex
1021 5154 1173 5213 contrariis
1188 5154 1275 5213 etiam
1296 5166 1419 5216 mortem
1441 5154 1564 5213 inducit.
1585 5154 1639 5214 Sed
1662 5171 1720 5211 una
1740 5154 1860 5209 istarum
1881 5169 2036 5212 causarum
