4882 6546
680 828 776 885 dxxvi

681 1007 2009 1101 mwfflmffiwmmoemmmMmmmhmmm

681 1128 808 1216 qu’ont
823 1126 975 1194 certains
992 1126 1235 1215 philosophes,
1254 1141 1287 1195 et
1304 1127 1327 1193 il
1345 1127 1418 1196 vise
1436 1127 1723 1196 manifestement
1743 1129 1786 1196 ici
1805 1128 1854 1197 les
1872 1131 2015 1196 maltres

680 1251 889 1311 averroistes
917 1245 959 1310 de
987 1241 1019 1310 la
1047 1241 1176 1311 laculte
1203 1245 1264 1311 des
1291 1258 1376 1325 arts‚
1404 1245 1446 1312 de
1474 1244 1689 1333 dogmatiser
1716 1266 1760 1312 en
1788 1243 2015 1335 philosophie

681 1380 723 1426 en
754 1357 909 1426 fermant
934 1357 983 1425 les
1008 1380 1102 1447 yeux
1127 1380 1188 1426 sur
1216 1359 1423 1448 l'Evangile.
1452 1360 1479 1427 ll
1506 1362 1707 1429 condamne
1733 1375 1821 1429 cette
1848 1361 2014 1429 conduite

680 1474 2015 1566 mmmoeqnmmmamquwnmtheQmMm

681 1592 850 1680 opinions
874 1593 921 1658 du
947 1592 1176 1680 philosophe,
1203 1593 1298 1660 alors
1323 1580 1433 1680 qu'on
1457 1594 1632 1661 contredit
1657 1593 1948 1683 l'enseignement
1973 1594 2015 1661 de

682 1709 713 1776 la
737 1707 806 1791 foi;
830 1729 889 1775 car
910 1708 1084 1789 soulever,
1108 1730 1191 1776 sans
1213 1709 1262 1776 les
1284 1708 1464 1789 resoudre,
1487 1710 1547 1776 des
1568 1711 1692 1777 doutes
1713 1724 1834 1778 contre
1856 1710 1888 1778 la
1907 1709 2015 1777 verite

682 1825 851 1912 equivaut
875 1826 895 1891 a
918 1823 1189 1892 l’abandonner.
1209 1825 1306 1905 Puis,
1335 1825 1534 1913 repondant
1557 1826 1577 1892 a
1600 1840 1687 1894 cette
1703 1826 1947 1914 presomption
1973 1827 2015 1893 de

683 1941 922 2009 l'averroi‘sme
943 1941 963 2007 a
985 1955 1061 2008 tout
1084 1940 1232 2008 dirimet
1253 1963 1316 2030 par
1338 1942 1370 2009 la
1392 1941 1487 2009 seule
1512 1942 1645 2022 raison,
1669 1942 1692 2008 il
1716 1957 1856 2011 montre
1881 1943 2016 2010 l’incer-

684 2057 793 2124 titude
817 2059 859 2124 de
883 2056 916 2124 la
940 2057 1167 2145 philosophie
1191 2071 1224 2125 et
1248 2058 1297 2125 les
1321 2057 1600 2126 contradictions
1621 2060 1682 2126 des
1703 2058 1947 2148 philosophes‚
1971 2080 2014 2126 en

684 2172 757 2241 face
781 2175 823 2240 de
847 2173 880 2241 la
903 2174 1010 2241 clarte
1033 2187 1066 2241 et
1089 2176 1131 2241 de
1153 2173 1186 2241 la
1206 2175 1377 2242 certitude
1400 2175 1442 2241 de
1467 2173 1759 2263 l’enseignement
1782 2175 1915 2258 revele3
1938 2189 1971 2242 et
1992 2174 2015 2240 il

683 2291 795 2377 prend
812 2310 954 2357 comme
970 2291 1129 2378 exemple
1149 2304 1235 2358 cette
1254 2289 1375 2371 verite,
1394 2291 1488 2359 alors
1509 2291 1538 2357 si
1561 2289 1752 2358 fortement
1771 2291 1934 2358 ebranlee
1954 2311 2017 2378 par

684 2406 935 2487 l'averrolsme‚
957 2408 999 2472 de
1019 2406 1275 2473 l’immortalite
1294 2406 1517 2495 personnelle
1536 2408 1579 2474 de
1600 2407 1703 2474 l'dme
1724 2407 1897 2476 humaine
1914 2412 1938 2472 ¹.

775 2684 782 2714 ¹
804 2682 998 2738 lnveniuntur
1011 2681 1103 2754 aliqui
1116 2680 1167 2753 qui
1187 2680 1307 2737 student
1322 2681 1350 2737 in
1371 2681 1568 2753 philosophia,
1587 2694 1615 2738 et
1628 2682 1732 2738 dicunt
1748 2682 1846 2755 aliqua
1864 2699 1939 2755 quae
1957 2699 2017 2739 non

684 2783 754 2828 sunt
769 2787 835 2827 vera
854 2771 1018 2827 secundum
1035 2770 1142 2835 fidem;
1164 2783 1278 2827 etcum
1297 2769 1405 2827 dicitur
1421 2771 1462 2826 eis
1479 2770 1561 2843 quod
1582 2773 1637 2827 hoc
1655 2784 1798 2843 repugnat
1816 2772 1892 2839 fidei,
1915 2772 2019 2829 dicunt

683 2860 764 2934 quod
789 2861 986 2933 Philosophus
1007 2859 1078 2916 dicit
1099 2861 1164 2926 hoc,
1189 2859 1238 2915 sed
1262 2860 1316 2932 ipsi
1338 2876 1396 2916 non
1418 2872 1562 2927 asserunt,
1586 2861 1646 2916 imo
1670 2862 1766 2916 solum
1790 2862 1909 2918 recitant
1932 2863 2019 2917 verba

684 2950 864 3024 philosophi.
884 2950 965 3005 Talis
983 2962 1027 3005 est
1045 2949 1135 3006 salsus
1157 2953 1307 3022 propheta,
1328 2951 1387 3005 sive
1409 2949 1500 3007 falsus
1518 2950 1631 3018 doctor,
1652 2951 1722 3023 quia
1743 2950 1818 3006 idem
1842 2964 1884 3008 est
1903 2951 2019 3008 dubita·

684 3041 794 3097 tionem
821 3055 937 3095 movere
960 3052 989 3095 et
1013 3055 1076 3094 eam
1104 3055 1164 3095 non
1190 3041 1301 3095 solvere
1325 3039 1406 3111 quod
1434 3056 1497 3095 eam
1522 3040 1698 3105 concedere;
1724 3040 1805 3113 quod
1831 3041 1963 3112 signatur
1989 3041 2018 3096 in

685 3130 777 3185 Exod.
800 3130 939 3201 lxx1,33),
964 3129 1014 3184 ubi
1035 3128 1143 3184 dicitur
1162 3129 1242 3201 quod
1264 3128 1288 3184 si
1303 3129 1410 3201 aliquis
1431 3129 1536 3185 foderit
1556 3142 1690 3202 puteum,
1712 3142 1740 3186 et
1759 3131 1903 3201 aperuerit
1922 3131 2019 3207 cister-

685 3236 753 3274 nam
772 3232 799 3276 et
818 3235 878 3274 non
898 3219 1080 3291 cooperuerit
1093 3235 1167 3285 eam,
1183 3218 1278 3274 veniat
1298 3220 1350 3274 bos
1364 3219 1452 3273 vicini
1470 3219 1527 3285 sui,
1544 3230 1571 3274 et
1585 3218 1670 3275 cadat
1683 3219 1712 3274 in
1727 3221 1892 3287 cisternam,
1908 3220 1953 3275 ille
1967 3219 2017 3292 qui

685 3308 828 3381 aperuerit
852 3308 1007 3364 cisternam
1029 3320 1162 3364 teneatur
1180 3307 1215 3363 ad
1237 3307 1299 3378 ejus
1322 3308 1546 3364 restitutionem.
1573 3308 1622 3363 llle
1644 3308 1798 3365 cisternam
1821 3309 1943 3381 aperuit,
1966 3309 2019 3381 qui

685 3398 900 3454 dubitationem
922 3408 1020 3453 movet
1037 3397 1072 3452 de
1091 3397 1137 3453 his
1155 3413 1230 3469 quae
1249 3397 1360 3453 faciunt
1377 3396 1413 3452 ad
1432 3397 1531 3453 fidem.
1553 3397 1715 3453 Cisternam
1734 3415 1794 3454 non
1813 3398 1952 3471 cooperit,
1966 3397 2019 3470 qui

685 3487 898 3544 dubitationem
918 3503 978 3542 non
997 3486 1094 3552 solvit,
1110 3486 1163 3542 etsi
1179 3486 1240 3559 ipse
1256 3488 1360 3542 habeat
1375 3487 1554 3544 intellectum
1570 3503 1676 3542 sanum
1690 3500 1719 3543 et
1731 3487 1899 3560 limpidum,
1916 3500 1944 3544 et
1958 3504 2018 3542 non

686 3576 857 3649 decipiatur.
875 3578 954 3632 Alter
971 3588 1069 3632 tamen
1083 3575 1134 3648 qui
1154 3575 1334 3632 intellectum
1355 3592 1415 3631 non
1433 3578 1520 3632 habet
1539 3576 1578 3632 ita
1595 3576 1753 3649 limpidum
1774 3578 1846 3632 bene
1863 3576 2017 3648 decipitur,

685 3677 713 3722 et
728 3666 774 3722 ille
787 3666 839 3737 qui
853 3665 1069 3722 dubitationem
1089 3665 1182 3721 movit
1199 3677 1314 3722 tenetur
1328 3665 1364 3720 ad
1383 3666 1609 3732 restitutionem,
1623 3666 1693 3737 quia
1709 3682 1759 3738 per
1771 3682 1838 3722 eum
1856 3666 1901 3722 ille
1915 3666 2020 3723 cecidit

686 3755 715 3810 in
732 3755 855 3811 foveam.

775 3844 875 3899 Videte
897 3859 903 3898 :
928 3843 1031 3915 pagani
1054 3843 1140 3900 multi
1163 3843 1283 3900 luerunt
1308 3843 1476 3916 philosophi
1498 3856 1526 3900 et
1548 3844 1641 3900 multa
1662 3843 1800 3900 dixerunt
1819 3844 1855 3900 de
1879 3844 2020 3917 hisquae

687 3934 831 4007 pertinent
850 3933 886 3988 ad
908 3932 1006 3999 fidem,
1028 3945 1056 3989 et
1075 3934 1122 3989 vix
1143 3933 1295 3989 invenietis
1316 3933 1392 3989 duos
1414 3932 1591 3989 concordare
1612 3934 1641 3988 in
1662 3950 1752 3990 unam
1777 3934 1968 3999 sententiam;
1992 3947 2021 3990 et

686 4024 869 4096 quicumque
887 4022 997 4094 aliquid
1011 4023 1138 4079 veritatis
1159 4022 1242 4090 dixit,
1262 4039 1322 4078 non
1340 4022 1414 4078 dixit
1428 4038 1491 4078 eam
1508 4022 1570 4078 sine
1588 4022 1768 4079 admixtione
1786 4023 1928 4079 falsitatis.
1952 4024 2020 4079 Plus

687 4113 741 4167 scit
762 4112 853 4167 modo
874 4128 933 4167 una
954 4113 1050 4168 vetula
1070 4112 1105 4167 de
1128 4112 1173 4167 his
1194 4128 1269 4184 quae
1289 4111 1325 4166 ad
1348 4112 1436 4167 fidem
1459 4112 1613 4183 pertinent,
1634 4128 1725 4183 quarn
1744 4111 1895 4183 quondam
1916 4129 2021 4168 omnes

687 4201 866 4275 philosophi.
883 4201 1001 4272 Legitur
1015 4201 1096 4272 quod
1112 4203 1288 4274 Pythagoras
1307 4202 1402 4273 primo
1419 4201 1474 4257 luit
1493 4202 1572 4274 pugil
1584 4217 1593 4267 ;
1607 4200 1720 4257 audivit
1735 4202 1906 4272 magistrum
1920 4202 2021 4274 dispu-

687 4303 796 4348 tantem
818 4291 853 4345 de
874 4290 1093 4347 immortalitate
1112 4291 1236 4357 animae,
1258 4303 1286 4347 et
1305 4290 1495 4347 disserentem
1514 4291 1595 4362 quod
1616 4291 1715 4346 anima
1734 4302 1809 4347 esset
1828 4292 2019 4357 immortalis;

686 4393 715 4435 et
734 4380 763 4435 in
784 4391 899 4436 tantum
921 4379 1041 4436 allectus
1063 4391 1107 4436 est
1126 4378 1207 4452 quod
1226 4380 1356 4436 dimissis
1376 4380 1517 4436 omnibus
1537 4380 1617 4436 dedit
1637 4396 1667 4435 se
1687 4380 1787 4436 studio
1807 4380 2019 4453 philosophiae.

687 4469 744 4524 Sed
758 4485 834 4541 quae
848 4470 943 4524 vetula
957 4481 1000 4525 est
1015 4469 1102 4524 hodie
1115 4486 1190 4542 quae
1204 4485 1264 4525 non
1279 4470 1350 4526 sciat
1363 4469 1443 4542 quod
1457 4471 1556 4525 anima
1568 4481 1611 4525 est
1625 4469 1827 4525 immortalis?
1841 4472 1936 4526 multo
1955 4471 2021 4543 plus

687 4571 784 4631 potest
805 4558 876 4613 fides
895 4574 985 4630 quarn
1008 4559 1220 4632 philosophia:
1243 4559 1321 4616 unde
1341 4560 1364 4615 si
1386 4558 1572 4631 philosophia
1592 4559 1786 4615 contrariatur
1803 4558 1880 4624 fidei,
1900 4571 2022 4615 nonest

687 4647 873 4720 acceptanda.
895 4648 924 4702 Ρ.
940 4648 973 4702 Α,
992 4649 1131 4715 Uccsrrr,
1146 4648 1178 4702 S.
1199 4648 1331 4703 Thomoe
1346 4648 1509 4721 Aquinatis
1524 4656 1551 4702 et
1566 4649 1597 4702 S.
1614 4649 1843 4703 Beneventurae
1860 4648 2021 4702 Balneore-

686 4737 802 4809 giensis
819 4736 979 4792 Sermones
998 4737 1146 4803 anecdoti,
1162 4737 1302 4803 Mutinae,
1322 4738 1397 4810 1869,
1415 4754 1442 4809 p.
1459 4752 1509 4809 71;
1526 4737 1558 4791 S.
1579 4737 1712 4792 Thomae
1731 4737 1838 4808 Opera,
1852 4736 1898 4791 ed.
1917 4737 2020 4803 Frena,

688 4837 709 4882 t.
725 4826 847 4892 xxxtl,
863 4843 891 4898 p.
906 4826 968 4898 676.
983 4826 1022 4882 Ce
1036 4842 1151 4882 sermon
1165 4839 1209 4883 est
1222 4828 1248 4881 la
1262 4827 1427 4898 reportatio
1440 4827 1512 4882 d'un
1525 4826 1670 4882 auditeur.
1685 4826 1809 4882 Comme
1824 4827 1842 4880 il
1858 4826 1937 4882 vient
1950 4826 2020 4883 d’un

689 4916 850 4971 manuscrit
870 4916 993 4988 parisien
1014 4916 1050 4971 de
1070 4916 1265 4972 Saint-Victor
1285 4928 1314 4973 et
1332 4916 1463 4972 contient
1484 4932 1543 4972 une
1562 4915 1711 4982 collation,
1734 4916 1752 4971 il
1774 4932 1790 4971 a
1810 4917 1854 4972 ete
1873 4920 2022 4972 sbrement

689 5006 838 5077 prononce
856 5006 872 5058 a
892 5005 968 5061 Paris
987 5004 1094 5061 devant
1114 5005 1306 5062 l’Universite.
1331 5006 1383 5061 Les
1403 5005 1544 5061 allusions
1565 5021 1622 5061 aux
1643 5006 1822 5078 pretentions
1843 5008 2020 5071 averrolstes‚

689 5110 746 5150 aux
759 5094 913 5165 questions
926 5093 962 5149 de
981 5094 1189 5150 l’immortalite
1203 5094 1239 5150 de
1255 5096 1337 5150 l'ame
1355 5108 1383 5150 et
1397 5095 1433 5150 de
1453 5094 1590 5151 l’e'ternite
1608 5094 1648 5151 du
1668 5094 1777 5151 monde
1792 5094 1889 5167 (avant
1904 5095 1931 5149 le
1947 5105 2022 5149 texte
