4872 6552
1258 885 1463 951 ..92-

692 1053 789 1117 Vnde
815 1053 971 1116 maiorem
998 1052 1120 1117 habent
1146 1052 1180 1117 in
1207 1052 1354 1136 partibus
1377 1054 1390 1097 ¹
1415 1053 1634 1119 diuersitatem
1665 1073 1800 1138 corpora
1831 1055 2026 1120 animalium

691 1180 791 1245 quarn
817 1160 1016 1244 plantarum,
1041 1173 1072 1225 et
1096 1159 1309 1244 perfectorum
1334 1180 1434 1245 quarn
1458 1161 1612 1239 aliorum,
1637 1175 1668 1226 et
1691 1162 1792 1226 homo
1817 1163 1900 1226 inter
1925 1176 2028 1228 cetera

691 1267 860 1331 animalia.
888 1268 935 1331 Ex
961 1268 1101 1352 predicta
1130 1268 1241 1332 anime
1270 1267 1467 1333 diffinitione
1490 1273 1503 1312 ¹
1531 1270 1676 1353 sequitur
1700 1270 1788 1354 quod
1820 1271 1931 1334 anima
1958 1291 2026 1335 non

693 1377 765 1439 sit8
788 1377 932 1459 sanguis,
957 1395 1062 1460 neque
1092 1377 1224 1459 spiritus
1252 1376 1424 1440 hanelatus
1449 1379 1474 1453 ¹,
1499 1396 1605 1460 neque
1628 1378 1767 1441 omnino
1795 1397 1925 1461 corpuS,
1950 1380 2027 1462 quia

649 1504 662 1549 ⁵
692 1484 803 1547 anima
829 1497 876 1548 est
901 1497 991 1547 aetus
1016 1485 1177 1567 corporis,
1204 1497 1241 1548 ut
1266 1485 1375 1548 uisum
1403 1498 1460 1549 est.
1493 1485 1641 1549 Vnum⁶
1670 1499 1778 1550 autem
1809 1505 1927 1569 corpus
1959 1506 2027 1550 non

692 1606 739 1658 est
753 1606 855 1669 actus,
872 1612 931 1655 nec
951 1591 1056 1655 forma
1075 1592 1206 1658 alterius
1221 1594 1375 1677 corporis.
1399 1593 1481 1676 Ergo
1501 1595 1613 1656 anima
1634 1612 1699 1657 non
1716 1606 1763 1658 est
1776 1613 1905 1677 corpus.

771 1703 915 1784 Apparet
928 1702 1030 1764 eciam
1047 1721 1085 1764 ex
1101 1701 1250 1785 predictis
1264 1701 1354 1785 quod
1369 1721 1473 1765 vnum
1489 1720 1547 1764 ens
1567 1700 1603 1764 fit
1617 1704 1630 1743 ⁶
1643 1720 1682 1764 ex
1701 1702 1814 1764 anima
1832 1714 1863 1765 et
1881 1720 2026 1785 corpore,

693 1810 762 1873 sine
781 1809 892 1893 aliquo
911 1810 1009 1872 tercio
1028 1808 1117 1892 quod
1136 1809 1178 1871 sit
1195 1828 1292 1871 causa
1313 1821 1349 1872 ut
1368 1810 1409 1872 sit
1428 1811 1440 1851 ¹
1458 1827 1563 1872 vnum
1579 1829 1589 1886 ;
1609 1808 1686 1892 quia
1705 1828 1780 1871 cum
1801 1809 2029 1873 uniuersaliter

693 1918 799 1981 forma
813 1918 853 1980 sit
867 1920 881 1960 ³
899 1936 996 1980 causa
1011 1916 1136 1980 essendi
1157 1917 1300 1993 materie,
1317 1917 1360 1980 ita
1375 1915 1463 2000 quod
1486 1935 1553 1980 non
1576 1915 1708 1980 haberet
1722 1919 1735 1957 ⁹
1749 1935 1817 1979 esse
1838 1936 1893 2000 per
1914 1936 2027 1981 causas

634 2053 663 2085 ιο
692 2025 817 2090 essendi
833 2025 1014 2101 distinctas,
1030 2023 1136 2088 forma
1152 2044 1184 2087 se
1200 2026 1268 2107 ipsa
1283 2043 1386 2087 vnum
1403 2043 1462 2087 ens
1476 2023 1512 2088 fit
1525 2044 1602 2087 cum
1618 2025 1772 2102 materia3
1791 2025 1902 2087 anima
1917 2037 2026 2088 autem

693 2145 740 2197 est
755 2133 859 2197 forma
874 2133 1037 2218 corporis3
1054 2144 1084 2195 et
1098 2131 1171 2196 ideo
1182 2131 1226 2209 *fit
1239 2151 1342 2196 vnum
1359 2151 1422 2205 ,ens
1437 2151 1475 2195 ex
1489 2150 1623 2214 corpore
1636 2144 1668 2195 et
1681 2132 1805 2195 anima.

741 2510 808 2595 [ΙΙΙ.
835 2510 987 2593 Qualiter
1008 2508 1118 2573 anima
1141 2508 1341 2573 intellectiva
1362 2508 1409 2571 sit
1421 2508 1589 2593 perfeccio
1610 2508 1759 2592 corporis
1780 2517 1813 2572 et
1822 2508 1979 2591 formai]

773 2780 867 2844 Circa
892 2781 1027 2844 tercium
1057 2780 1205 2863 superius
1232 2778 1451 2861 principaliter
1475 2779 1676 2861 propositum
1693 2779 1730 2854 ¹⁰,
1752 2779 1796 2841 sic
1824 2778 2026 2861 proceditur3

693 2902 724 2953 et
736 2889 866 2953 videtur
884 2887 972 2970 quod
992 2889 1104 2951 anima
1122 2886 1317 2950 intellectiua
1332 2886 1373 2949 sit
1387 2899 1476 2950 actus
1490 2887 1635 2969 corporis
1650 2898 1686 2949 ut
1700 2886 1782 2949 dans
1801 2905 1870 2949 esse
1888 2887 2027 2969 corpori,

634 3014 663 3059 15
692 3010 722 3061 et
738 3010 773 3061 ut
788 2996 891 3079 figura
905 3014 986 3071 cere,
1004 2995 1046 3058 ita
1061 3007 1096 3058 ut
1111 2995 1152 3059 sit
1166 2995 1194 3057 ei
1212 2995 1305 3058 unita
1320 2995 1353 3056 in
1370 2993 1518 3071 essendo,
1539 3006 1569 3057 et
1584 3013 1650 3057 non
1667 3006 1795 3057 tantum
1813 2995 1847 3056 in
1863 2992 2028 3076 operando

694 3108 728 3169 in
743 3124 811 3168 esse
826 3116 991 3188 separata3
1008 3117 1038 3167 et
1052 3104 1114 3166 hoc
1128 3103 1173 3166 sic
1188 3103 1343 3185 arguitur.

773 3212 882 3275 Omne
908 3211 996 3294 quod
1023 3211 1088 3293 agit
1112 3224 1143 3274 et
1167 3222 1318 3293 operatur
1344 3211 1408 3291 agit
1435 3228 1491 3292 per
1517 3229 1611 3272 suam
1638 3207 1792 3285 formam,
1812 3221 1843 3272 et
1869 3229 1937 3272 non
1963 3209 2028 3292 agit

693 3320 817 3403 aliquid
833 3322 858 3362 ¹¹
880 3339 936 3403 per
955 3317 1036 3381 iilud
1056 3317 1143 3402 quod
1164 3332 1211 3382 est
1229 3317 1270 3380 ab
1288 3336 1326 3381 eo
1348 3318 1382 3379 in
1404 3336 1472 3380 esse
1492 3330 1687 3399 separatum.
1705 3317 1802 3379 Nunc
1821 3329 1943 3393 autem,
1960 3336 2027 3380 non

693 3441 821 3492 tantum
850 3428 962 3491 anima
983 3424 1145 3509 intelligit,
1162 3425 1216 3489 sed
1232 3426 1333 3488 eciam
1350 3426 1417 3507 ipse
1433 3424 1533 3488 homo
1549 3444 1604 3508 per
1618 3425 1764 3488 animam
1781 3424 2025 3488 intellectiuam.

633 3566 665 3598 20
695 3535 778 3619 Ergo
802 3537 913 3598 anima
937 3533 1135 3598 intellectiua
1158 3547 1206 3598 est
1229 3533 1374 3596 hominis
1399 3532 1504 3596 forma
1528 3545 1559 3595 et
1582 3531 1745 3615 perfectio,
1772 3544 1802 3595 et
1828 3551 1896 3595 non
1923 3533 1964 3596 ab
1989 3552 2028 3596 eo

693 3663 762 3707 esse
776 3646 801 3687 ¹¹
822 3655 977 3726 separata.

775 3752 930 3814 Preterea.
955 3750 1065 3814 Homo
1093 3762 1140 3813 est
1169 3749 1270 3812 homo
1299 3768 1353 3832 per
1381 3748 1593 3824 intellectum,
1616 3747 1703 3830 quod
1733 3767 1801 3811 non
1829 3749 2028 3831 contingeret

693 3861 719 3924 si
742 3859 923 3923 intellectus
943 3878 1010 3921 non
1030 3871 1112 3922 esset
1131 3857 1277 3921 hominis
1299 3855 1404 3920 forma
1420 3858 1456 3918 ¹³.

776 3968 929 4031 Preterea.
957 3967 1089 4049 Propria
1117 3966 1265 4048 operacio
1293 3963 1439 4028 hominis
1467 3975 1513 4026 est
1543 3962 1729 4046 intelligere.
1757 3963 1889 4046 Propria
1917 3975 2025 4026 autem

632 4093 664 4138 25
693 4077 842 4160 operacio
864 4075 1003 4138 alicuius
1025 4073 1168 4158 procedit
1181 4092 1220 4137 ex
1235 4076 1260 4116 ¹¹
1274 4073 1344 4136 eius
1368 4071 1485 4136 forma.
1505 4071 1742 4136 intellectiuum
1767 4090 1842 4154 ergo
1861 4071 1886 4114 ¹⁵
1911 4071 2028 4155 princi·

695 4186 786 4269 pium
809 4197 856 4249 est
876 4183 1022 4246 hominis
1046 4181 1162 4245 forma.

776 4293 928 4356 Preterea.
954 4289 1183 4373 Philosophus,
1205 4288 1382 4352 vniuersali
1404 4290 1533 4352 racione
1555 4307 1619 4371 que
1641 4288 1830 4351 communis
1851 4299 1898 4350 est
1918 4287 2028 4350 anime

695 4399 888 4464 intellectiue
909 4411 940 4462 et
961 4397 1032 4461 aliis
1048 4398 1085 4473 ¹¹,
1101 4396 1268 4460 diffiniens
1282 4396 1442 4472 animam,
1458 4396 1536 4459 dicit
1556 4414 1628 4458 eam
1651 4415 1719 4458 esse
1740 4407 1849 4458 actum
1871 4395 2026 4479 corporis,

694 4521 725 4577 et
738 4505 938 4572 concludens
955 4504 1016 4569 hoc
1031 4506 1070 4569 de
1085 4504 1249 4569 intellectu
1265 4504 1348 4568 sicut
1362 4503 1401 4567 de
1415 4504 1500 4580 aliis,
1515 4503 1621 4587 arguit
1635 4503 1718 4566 sicut
1731 4505 1755 4545 ¹¹
1771 4503 1861 4585 prius
1874 4514 2026 4585 argutum

776 4804 785 4836 ¹
800 4806 1005 4875 P:corpore.
1018 4835 1050 4843 -
1063 4801 1338 4857 'Vzdiffinicione
1353 4801 1459 4856 anime.
1469 4833 1503 4840 —
1514 4799 1726 4870 ⁸P:sanguis
1737 4799 1784 4855 sit.
1795 4831 1828 4839 —
1838 4798 2028 4871 ‘V--neque

695 4893 826 4967 spiritus,
841 4910 937 4966 neque
951 4893 1107 4948 hanelitus.
1120 4925 1155 4932 —
1168 4892 1179 4924 ⁸
1193 4894 1261 4947 P:
1274 4891 1359 4947 vnde.
1377 4924 1411 4932 —
1426 4890 1437 4923 ¹
1450 4895 1472 4947 P
1485 4914 1522 4940 =
1537 4891 1584 4945 sit.
1600 4922 1634 4930 -
1650 4890 1660 4923 ²
1675 4892 1696 4945 P
1708 4913 1744 4939 z
1757 4889 1825 4945 sint.
1834 4920 1869 4928 -
1882 4889 1893 4921 ⁸
1906 4889 1929 4941 V
1942 4912 1978 4937 =
1991 4888 2028 4944 sit

696 4985 799 5040 iorrna.
815 5016 849 5023 —
866 4983 878 5016 ⁹
892 4985 961 5039 P:
979 4983 1096 5039 habent.
1112 5013 1147 5022 -
1162 4982 1183 5014 ¹⁰
1200 4982 1272 5035 V:
1289 4981 1519 5053 propositorum.
1535 5012 1569 5020 -
1583 4980 1605 5012 ¹¹
1619 4981 1639 5034 P
1657 5011 1690 5019 -
1713 4996 1734 5034 1.
1749 5010 1785 5020 -
1799 4978 1821 5011 ¹¹
1834 4979 1857 5031 V
1868 5001 1905 5027 :-
1918 4995 1978 5033 non
1998 4978 2027 5033 in

695 5090 766 5129 esse.
777 5104 812 5114 —
826 5071 849 5105 ²¹
859 5073 882 5127 V
892 5073 925 5144 -Ι-
937 5074 1011 5144 Ergo
1025 5084 1052 5129 et
1065 5083 1167 5131 cetera.
1181 5105 1215 5112 —
1229 5071 1251 5105 ¹⁴
1264 5071 1384 5129 Vzab.
1399 5103 1429 5111 -
1447 5070 1470 5103 ¹⁶
1483 5071 1551 5123 V:
1563 5069 1660 5145 igitur.
1675 5102 1706 5110 -
1723 5068 1776 5123 l⁸V
1794 5101 1823 5108 -
1838 5084 1852 5123 2
1863 5092 1899 5117 z:
1909 5067 2025 5127 animis,

694 5162 886 5221 —VP—r
