4872 6552
1261 864 1467 932 ..82-

697 1055 821 1121 fuisset.
848 1056 910 1121 Sed
932 1070 1000 1121 toto
1023 1058 1122 1121 modo
1143 1077 1161 1120 a
1183 1057 1332 1140 predictis
1353 1070 1444 1120 actus
1465 1069 1610 1140 tempore
1633 1057 1821 1138 simpliciter
1846 1056 2027 1138 potenciam

697 1165 849 1246 precedit,
871 1165 947 1247 quia
969 1184 1166 1248 quocunque
1187 1178 1260 1228 ente
1282 1165 1316 1227 in
1339 1165 1499 1248 potencia,
1520 1177 1556 1226 ut
1579 1165 1614 1226 in
1639 1164 1772 1226 materia
1792 1163 1921 1246 propria
1940 1161 2029 1238 dato,

696 1283 786 1335 actus
806 1270 893 1334 illius
914 1274 1071 1354 potencie,
1088 1271 1211 1336 habeus
1230 1273 1334 1354 ipsam
1351 1270 1514 1335 adactum
1535 1270 1680 1347 educere,
1695 1285 1841 1352 tempore
1859 1268 2028 1333 antecedit.

697 1378 772 1442 Non
794 1380 840 1442 sic
861 1391 968 1443 autem
991 1399 1193 1463 quoqunque
1214 1392 1287 1443 ente
1308 1379 1342 1441 in
1364 1392 1437 1442 actu
1461 1378 1549 1456 dato,
1572 1379 1719 1461 potencia
1740 1377 1780 1441 ad
1803 1377 1896 1440 illum
1919 1388 2028 1440 actum

653 1504 666 1548 5
695 1498 840 1569 tempore
862 1487 1012 1570 precedit,
1033 1489 1115 1551 sicut
1134 1501 1265 1570 apparet
1287 1488 1320 1548 in
1344 1486 1554 1550 mouentibus
1575 1486 1689 1569 primis
1703 1485 1916 1549 educentibus
1930 1503 2029 1547 omne

695 1613 753 1657 ens
775 1595 809 1656 in
834 1596 980 1677 potencia
1002 1595 1043 1658 ad
1065 1609 1185 1659 actum.
1207 1595 1340 1658 Vtimur
1360 1608 1467 1658 autem
1494 1595 1527 1656 in
1553 1594 1715 1677 predictis,
1735 1594 1817 1657 sicut
1840 1591 2028 1668 aristoteles,

696 1702 907 1765 mouentibus
931 1704 1046 1785 primis
1070 1718 1226 1786 tanquam
1254 1702 1421 1785 speciebus
1447 1703 1572 1765 entium
1597 1720 1662 1785 que
1684 1700 1725 1764 ab
1748 1701 1794 1764 eis
1817 1699 1857 1764 de
1881 1701 2029 1783 potencia

695 1807 862 1873 ducuntur
884 1809 925 1873 ad
949 1825 1070 1887 actum,
1095 1825 1125 1875 et
1149 1811 1211 1872 nisi
1238 1811 1329 1873 encia
1357 1808 1546 1873 huiusmodi
1573 1821 1679 1872 essent
1705 1809 1737 1871 in
1762 1820 1848 1884 actu,
1872 1827 1936 1891 que
1959 1825 2027 1869 non

694 1930 814 1979 exeunt
836 1916 876 1979 de
901 1918 1047 2000 potencia
1071 1916 1111 1979 ad
1135 1930 1257 1992 actum,
1282 1930 1313 1980 et
1336 1917 1398 1979 nisi
1422 1918 1514 1979 encia
1541 1915 1729 1979 huiusmodi
1754 1927 1859 1979 essent
1883 1915 1918 1976 in
1941 1926 2027 1991 actu,

636 2053 666 2085 ιο
695 2041 758 2105 que
774 2043 841 2086 non
861 2038 955 2088 exeut
969 2025 1009 2087 de
1030 2025 1177 2107 potencia
1196 2023 1237 2087 ad
1256 2036 1378 2099 actum,
1396 2043 1462 2086 non
1484 2022 1662 2106 precederet
1682 2022 1870 2105 simpliciter
1884 2035 2028 2105 tempore

694 2143 785 2194 actus
800 2133 868 2214 ipse
883 2132 1079 2215 potenciam,
1095 2132 1185 2216 quod
1199 2132 1347 2214 designat
1362 2131 1549 2204 aristoteles,
1567 2150 1657 2194 nono
1672 2130 1902 2213 metaphysice,
1917 2129 2028 2192 dicens

694 2252 801 2302 actum
826 2239 991 2322 precedere
1014 2241 1210 2322 potenciam,
1230 2258 1361 2303 causam
1385 2238 1445 2301 hoc
1467 2237 1682 2320 subiungenS,
1704 2238 1781 2321 quia
1803 2256 1930 2319 semper
1947 2237 2028 2300 acci-

695 2345 781 2428 pitur
804 2358 894 2410 actus
920 2346 1003 2411 alius
1029 2361 1104 2411 ante
1129 2348 1246 2423 alium,
1271 2345 1437 2430 usquead
1461 2365 1536 2409 eum
1562 2347 1617 2428 qui
1641 2358 1689 2409 est
1714 2364 1841 2428 semper
1864 2345 2028 2409 mouentis

695 2454 851 2536 primum.
871 2454 929 2518 Per
944 2455 1005 2519 hoc
1020 2469 1104 2539 patet
1120 2455 1240 2519 solutio
1255 2455 1420 2518 rationum
1437 2454 1470 2516 in
1486 2454 1684 2536 oppositum.

635 2687 664 2730 15
773 2668 825 2731 Ad
842 2670 986 2751 primum
1000 2688 1076 2752 ergo
1088 2669 1264 2733 dicendum
1277 2681 1324 2732 est
1336 2669 1425 2751 quod
1437 2688 1495 2732 ens
1511 2669 1545 2730 in
1561 2670 1704 2751 potentia
1720 2681 1847 2732 nonest
1862 2668 2028 2751 sempiter-

694 2795 788 2852 num,
806 2777 868 2839 nisi
888 2796 964 2840 cum
985 2777 1141 2859 accipitur
1156 2790 1192 2841 ut
1207 2778 1240 2839 in
1257 2777 1361 2859 prima
1383 2777 1526 2839 materia.
1543 2776 1721 2858 Acceptum
1737 2776 1826 2840 enim
1844 2777 1876 2838 in
1894 2777 2027 2839 materia

693 2884 822 2967 propria
837 2883 1017 2947 secundum
1032 2904 1132 2968 quam
1145 2884 1270 2968 aliquid
1285 2885 1411 2967 proprie
1422 2883 1617 2948 dicituresse
1631 2884 1663 2946 in
1678 2885 1834 2967 potentia,
1847 2896 1884 2947 ut
1895 2884 2028 2947 docetur

693 2990 780 3055 dicto
796 3010 885 3054 nono
902 2992 1123 3075 metaphisice,
1140 3012 1266 3056 nouum
1282 3005 1342 3068 est,
1359 2993 1420 3054 nisi
1442 2992 1539 3055 suerit
1558 2990 1738 3055 secundum
1759 2992 1898 3074 speciem
1918 3011 2027 3074 accep

693 3111 778 3175 tum,
789 3100 969 3162 sicutenim
985 3101 1047 3162 nisi
1060 3113 1247 3183 generatum
1263 3100 1345 3183 [752
1356 3099 1417 3163 col.
1430 3100 1474 3181 a]
1490 3099 1654 3182 corporale
1666 3111 1713 3162 est
1724 3111 1869 3179 tempore
1883 3097 2025 3174 infinito,

631 3234 664 3267 20
692 3207 735 3270 ita
750 3206 880 3270 nullum
894 3207 1077 3290 generabile
1093 3227 1160 3271 non
1175 3220 1362 3290 generatum
1379 3220 1426 3270 est
1439 3220 1584 3290 tempore
1600 3206 1742 3283 infinito,
1755 3226 1831 3270 cum
1844 3205 2027 3289 generabile

692 3312 789 3376 fuerit
804 3327 971 3397 acceptum
994 3315 1086 3378 utin
1110 3316 1242 3378 materia
1265 3315 1405 3397 propria,
1425 3327 1455 3378 et
1476 3314 1548 3378 loco
1569 3330 1756 3398 generatum
1778 3314 1975 3397 propinquo,
1991 3326 2027 3377 ut

691 3421 769 3484 dicit
788 3434 1027 3486 commentator
1041 3442 1137 3506 super
1152 3423 1295 3505 primum
1311 3422 1351 3485 de
1365 3422 1445 3486 celo.

772 3529 824 3591 Ad
844 3529 1026 3593 secundum
1042 3530 1218 3594 dicendum
1238 3530 1405 3614 estquod,
1425 3531 1508 3594 sicut
1527 3529 1650 3593 dictum
1674 3542 1720 3593 est
1742 3531 1776 3592 in
1798 3529 1914 3592 ordine
1933 3547 2027 3612 gene·

693 3638 837 3700 rentium
858 3639 1065 3701 existentium
1088 3638 1121 3700 in
1141 3651 1213 3701 actu
1229 3657 1292 3722 que
1311 3639 1408 3701 etiam
1430 3637 1609 3721 procedunt
1622 3637 1662 3700 de
1682 3638 1825 3719 potentia
1843 3636 1884 3699 ad
1902 3649 2025 3712 actum,

629 3761 661 3805 25
693 3764 761 3808 non
781 3758 829 3808 est
847 3764 905 3808 ens
925 3746 959 3808 in
978 3758 1051 3808 actu
1071 3758 1146 3809 ante
1162 3765 1220 3808 ens
1240 3747 1273 3807 in
1295 3746 1450 3828 potentia,
1466 3744 1521 3808 sed
1536 3765 1640 3809 vnum
1660 3758 1734 3808 ante
1753 3744 1842 3808 aliud
1863 3745 1896 3806 in
1917 3743 2027 3806 infini-

691 3864 776 3928 tum,
792 3853 973 3916 secundum
995 3852 1240 3936 philosophum.
1257 3852 1344 3932 Quia
1363 3867 1471 3917 tamen
1488 3872 1587 3917 omne
1601 3872 1659 3916 ens
1674 3853 1708 3914 in
1725 3852 1867 3935 potentia
1882 3855 1905 3928 ¹,
1921 3870 2026 3915 essen·

691 3958 759 4022 tiali
780 3960 895 4023 ordine
915 3960 1122 4023 mouentium
1138 3972 1168 4023 et
1182 3961 1361 4042 agentium,
1379 3960 1509 4024 tandem
1531 3961 1622 4023 uenit
1637 3960 1677 4022 ad
1692 3960 1817 4043 aliquid
1836 3959 1976 4023 existens
1991 3960 2024 4021 in

691 4079 764 4129 actu
787 4066 875 4150 quod
901 4086 967 4130 non
992 4066 1153 4150 egreditur
1173 4066 1213 4130 de
1237 4069 1384 4149 potencia
1407 4067 1448 4130 ad
1472 4081 1593 4144 actum,
1617 4066 1694 4130 hinc
1718 4080 1765 4131 est
1785 4065 1873 4150 quod
1898 4080 2025 4150 propter

691 4173 785 4237 illum
802 4175 950 4238 ordinem
967 4187 1057 4237 actus
1072 4193 1199 4256 semper
1213 4173 1307 4238 debet
1323 4174 1488 4257 precedere
1503 4175 1607 4257 ipsam
1625 4175 1815 4258 potentiam.

629 4297 661 4342 30
771 4281 822 4343 ad
842 4282 977 4345 tercium
993 4280 1169 4345 dicendum
1186 4281 1274 4365 quod
1295 4281 1377 4345 bene
1396 4282 1551 4365 probatur
1570 4283 1604 4344 in
1624 4283 1737 4346 eodem
1761 4301 1898 4345 numero
1918 4299 2026 4364 proce-

690 4387 764 4451 dere
785 4387 825 4451 de
847 4390 989 4471 potentia
1011 4388 1052 4451 ad
1075 4389 1183 4471 ipsum
1207 4402 1329 4466 actum,
1354 4390 1531 4472 potentiam
1556 4403 1665 4453 actum
1690 4389 1887 4465 antecedere,
1911 4388 2026 4451 nichil-

690 4496 823 4558 ominus
846 4515 922 4559 cum
946 4511 1054 4560 autem
1080 4495 1161 4559 illud
1185 4516 1244 4560 ens
1268 4497 1300 4559 in
1326 4499 1469 4580 potentia
1494 4510 1539 4561 est
1563 4497 1652 4560 aliud
1676 4498 1709 4560 in
1731 4511 1803 4562 actu
1829 4516 1886 4560 sue
1908 4496 2023 4580 speciei

690 4603 831 4667 educens
847 4604 953 4687 ipsum
970 4604 1010 4667 de
1026 4605 1168 4687 potentia
1184 4604 1224 4667 ad
1240 4619 1361 4669 actum.

771 4711 822 4775 Ad
839 4711 993 4775 ultimum
1010 4712 1186 4776 dicendum
1202 4712 1291 4796 quod
1307 4712 1389 4776 bene
1403 4712 1522 4777 dicitur
1535 4726 1626 4776 actus
1646 4712 1813 4796 precedere
1832 4713 2023 4795 potentiam,

629 4833 660 4878 35
690 4817 762 4882 ideo
777 4821 854 4902 quia
868 4839 967 4883 omne
981 4839 1040 4883 ens
1056 4820 1089 4883 in
1107 4821 1249 4903 potentia
1264 4821 1327 4884 exit
1343 4821 1501 4883 inactum
1519 4840 1574 4903 per
1588 4820 1713 4904 aliquid
1733 4821 1872 4885 existens
1888 4821 1921 4883 in
1937 4831 2021 4883 actu.

689 4924 756 4989 Nec
779 4925 886 4990 obstat
912 4925 967 4989 illa
992 4925 1059 4989 duo
1083 4946 1146 5009 que
1172 4938 1395 5010 opponuntur.
1426 4926 1573 4990 Primum
1602 4946 1683 5004 non,
1708 4927 1785 5010 quia
1811 4946 1868 4990 ens
1892 4927 1927 4989 in
1950 4940 2022 4990 actu

770 5149 779 5183 ¹
799 5149 845 5206 Ms
858 5151 893 5222 -Ι-
907 5148 935 5206 in
952 5150 1096 5224 potencia.
