4872 6552
963 879 1207 1002 ‘⁶⁵'ss

479 1068 615 1145 Videtur
634 1079 722 1165 quod
742 1081 827 1144 idem
850 1082 950 1164 possit
969 1100 1002 1144 se
1022 1100 1153 1144 mouere
1172 1080 1261 1164 quod
1280 1100 1299 1143 a
1320 1095 1434 1144 natura
1454 1100 1513 1144 sua
1533 1094 1685 1144 mouetur
1703 1082 1734 1144 el

399 1209 465 1252 non
486 1202 534 1252 est
547 1188 723 1251 diulsibile.
746 1187 817 1271 lpse
837 1201 946 1251 motus
965 1199 995 1251 et
1017 1207 1119 1270 perse
1135 1200 1276 1264 motum,
1298 1187 1378 1251 illud
1394 1208 1413 1251 a
1428 1208 1461 1252 se
1481 1188 1550 1272 ipso
1570 1201 1732 1251 mouetur.

397 1297 504 1359 Graue
523 1309 631 1360 autem
648 1298 660 1338 ¹
675 1295 818 1378 positum
839 1295 988 1378 superius
1009 1295 1196 1359 naturaliter
1215 1308 1367 1358 mouetur
1382 1294 1530 1371 inferius,
1551 1308 1581 1358 et
1601 1313 1667 1357 non
1687 1306 1735 1357 est

397 1401 574 1479 diulsibile‚
599 1416 630 1466 et
654 1421 709 1485 per
732 1422 765 1465 se
791 1422 929 1465 mouens
952 1416 983 1466 et
1007 1421 1062 1485 per
1083 1421 1116 1465 se
1141 1415 1280 1465 motum.
1307 1401 1419 1466 Minor
1441 1402 1632 1477 declaratur,
1657 1402 1735 1484 quia

396 1530 507 1594 graue,
529 1511 670 1592 positum
687 1524 774 1574 extra
789 1509 898 1573 locum
915 1508 1109 1585 naturalem,
1127 1510 1315 1572 naturaliter
1330 1522 1480 1573 mouetur
1494 1509 1535 1572 ad
1552 1509 1660 1584 illum,
1677 1526 1735 1571 nec
1765 1521 1778 1565 s

397 1631 444 1682 est
459 1616 636 1694 diuisibile,
653 1619 721 1701 ipse
741 1630 850 1681 motus
864 1631 895 1680 et
910 1636 966 1700 per
980 1636 1013 1680 se
1029 1630 1168 1681 motum.
1192 1617 1276 1680 Nam
1298 1617 1370 1680 licet
1390 1616 1496 1680 forma
1510 1617 1618 1699 grauis
1634 1616 1737 1699 possit

397 1745 465 1789 esse
487 1744 542 1808 per
563 1745 597 1788 se
620 1744 770 1800 mouens,
794 1726 927 1788 materia
948 1738 1058 1788 tamen
1080 1724 1189 1807 grauis
1212 1744 1278 1787 non
1303 1737 1407 1807 potest
1427 1743 1494 1787 esse
1517 1743 1573 1807 per
1591 1743 1624 1786 se
1647 1737 1735 1786 mota

399 1846 489 1896 motu
512 1832 626 1910 locali;
644 1851 721 1896 nam
737 1831 825 1916 quod
844 1832 987 1896 localiter
1002 1844 1152 1895 mouetur
1166 1851 1283 1915 corpus
1298 1846 1356 1908 est,
1372 1844 1402 1895 et
1423 1850 1489 1894 non
1505 1830 1633 1895 videtur
1647 1829 1735 1914 quod

398 1960 496 2023 graue
518 1953 649 2003 moueat
671 1959 703 2003 se
726 1940 893 2003 mouendo
915 1939 1075 2014 medium,
1098 1940 1176 2022 quia
1199 1958 1266 2001 non
1290 1951 1401 2002 mouet
1425 1939 1571 2001 medium
1596 1938 1657 2000 nisi
1681 1957 1737 2020 per

400 2048 461 2112 hoc
476 2047 564 2131 quod
580 2061 752 2125 mouetur;
768 2062 798 2111 et
814 2048 856 2112 ita
872 2049 979 2130 primo
999 2062 1145 2112 moueret
1160 2067 1203 2111 se.
1226 2047 1293 2111 Nec
1313 2046 1442 2111 uidetur
1456 2045 1544 2129 quod
1566 2058 1737 2108 moueatur
1768 2071 1798 2103 ιο

398 2170 623 2240 agenerante3
642 2177 718 2220 nam
740 2156 812 2220 licet
829 2177 927 2240 graue
948 2157 1003 2221 fiat
1021 2177 1119 2239 graue
1133 2176 1152 2218 a
1166 2169 1352 2240 generante,
1368 2175 1443 2218 cum
1467 2168 1575 2219 tamen
1596 2167 1668 2217 actu
1690 2165 1737 2216 est

397 2283 506 2346 graue,
522 2264 689 2327 actualiter
705 2263 845 2327 formam
864 2264 960 2328 habet
976 2284 1144 2348 perquam
1162 2263 1350 2327 naturaliter
1365 2262 1469 2326 tendit
1483 2261 1647 2325 deorsum.
1670 2260 1737 2325 Nec

399 2384 628 2435 aremouente
652 2371 828 2454 prohibens
854 2384 1016 2448 mouetur,
1041 2372 1102 2435 nisi
1127 2391 1182 2455 per
1202 2371 1362 2434 accidens.

480 2478 674 2561 Respondeo
698 2478 873 2542 dicendum
898 2479 988 2562 quod
1013 2480 1098 2543 racio
1128 2479 1268 2563 predicta
1297 2494 1359 2544 tres
1387 2477 1593 2542 difficultates
1622 2478 1735 2559 tangit.

403 2585 510 2649 Prima
534 2599 592 2661 est,
618 2585 786 2668 quomodo
811 2605 908 2668 graue
932 2586 1099 2650 descendit
1120 2599 1150 2651 et
1175 2599 1285 2650 mouet
1309 2606 1342 2649 se
1369 2586 1476 2669 ipsum
1506 2604 1561 2668 per
1585 2598 1735 2648 naturam
1769 2595 1799 2641 ιε

400 2710 507 2769 suam,
523 2712 597 2756 cum
619 2712 686 2756 non
703 2693 744 2756 sit
758 2692 934 2768 diulsibile‚
951 2707 982 2757 et
998 2714 1051 2777 per
1064 2714 1097 2758 se
1112 2713 1251 2758 mouens
1265 2706 1296 2757 et
1312 2712 1367 2776 per
1381 2713 1414 2756 se
1430 2706 1571 2756 motum.
1588 2690 1738 2756 Secunda

399 2799 574 2863 difficultas
598 2813 658 2876 est,
682 2801 759 2884 quia
785 2801 811 2863 si
837 2802 1049 2865 concedimus
1072 2801 1161 2884 quod
1186 2820 1285 2883 graue
1311 2813 1443 2864 moueat
1468 2819 1501 2863 se
1526 2800 1635 2882 ipsum
1661 2799 1738 2882 quia

401 2925 532 2970 mouere
555 2910 568 2949 ²
592 2908 717 2990 incipit,
742 2927 817 2971 cum
845 2928 912 2971 non
938 2922 1068 2973 moueat
1095 2908 1240 2971 medium
1269 2908 1331 2970 nisi
1355 2908 1432 2990 quia
1459 2919 1622 2983 mouetur,
1649 2907 1739 2989 prius

402 3027 512 3078 mouet
533 3033 566 3077 se
588 3015 697 3097 ipsum
719 3035 820 3099 quam
844 3016 989 3079 medium
1002 3035 1011 3093 3
1033 3029 1161 3099 propter
1182 3014 1271 3099 quod
1296 3016 1441 3098 sequitur
1461 3014 1549 3097 quod
1571 3034 1590 3076 a
1612 3033 1645 3077 se
1667 3015 1738 3096 ipso

401 3134 572 3185 moueatur
598 3142 653 3205 per
678 3142 722 3187 se.
750 3122 866 3187 Tereia
891 3123 1065 3187 difficultas
1090 3137 1148 3199 est,
1173 3124 1251 3207 quia
1277 3123 1370 3186 nullo
1399 3121 1510 3199 modo,
1534 3135 1571 3185 ut
1597 3120 1738 3197 uidetur,
1768 3147 1801 3180 20

400 3226 534 3293 debetur
557 3229 731 3293 concedere
754 3230 843 3314 quod
868 3251 967 3313 graue
990 3251 1023 3294 se
1048 3244 1178 3295 moueat
1205 3250 1260 3313 per
1283 3229 1444 3306 accidens,
1468 3243 1499 3293 et
1521 3229 1610 3312 quod
1639 3228 1742 3292 huius

401 3355 456 3418 per
481 3336 631 3400 accidens
658 3337 828 3401 reducatur
854 3338 888 3400 in
914 3357 1071 3420 generans
1098 3351 1254 3421 tanquam
1284 3338 1351 3420 ipse
1376 3356 1525 3400 mouens.
1554 3335 1639 3399 Nam
1667 3335 1740 3399 licet

399 3461 558 3524 generans
577 3443 630 3507 det
648 3445 838 3526 grauitatem
858 3458 1022 3527 generat0,
1041 3446 1197 3526 grauitate
1216 3460 1325 3509 tamen
1346 3443 1473 3527 adepta,
1495 3443 1624 3507 uidetur
1641 3462 1740 3526 graue

401 3548 593 3614 descendere
622 3571 678 3634 per
703 3571 754 3627 se,
781 3552 863 3614 sicut
892 3551 965 3615 licet
991 3551 1180 3614 calefaciens
1208 3567 1317 3616 causet
1344 3551 1482 3615 calorem
1512 3552 1546 3613 in
1572 3550 1739 3626 calefacto,

401 3656 507 3719 calore
530 3669 639 3720 tamen
666 3657 795 3740 adepto,
819 3657 1010 3721 calefactum
1036 3677 1091 3740 per
1113 3677 1147 3721 se
1169 3657 1326 3723 calefacit.
1354 3658 1409 3722 Est
1431 3677 1506 3741 ergo
1533 3656 1740 3722 racionabilis
1769 3672 1801 3716 πε

401 3761 568 3827 dubitacio
581 3783 657 3826 cum
675 3765 758 3846 ignis
772 3779 954 3847 generatur,
967 3777 1078 3828 utrum
1091 3767 1103 3807 ³
1118 3764 1235 3829 habeat
1247 3767 1288 3830 ab
1302 3766 1374 3849 igne
1389 3780 1560 3848 generante
1575 3764 1739 3828 leuitatem

402 3882 433 3933 et
453 3869 593 3933 calorem
615 3891 714 3954 quare
736 3871 840 3935 tendit
861 3892 1005 3948 sursum,
1028 3873 1122 3935 cuius
1144 3873 1229 3935 racio
1251 3885 1298 3936 est
1319 3874 1396 3955 quia
1414 3875 1429 3915 ⁴
1450 3871 1565 3935 leuitas
1585 3872 1740 3954 competit

403 3976 470 4059 igni
491 3991 643 4059 generato
666 3998 721 4061 per
739 3978 901 4055 accidens,
917 3978 1062 4043 calefacit
1083 3993 1193 4043 tamen
1215 3979 1309 4042 cuius
1330 3993 1378 4043 est
1399 3978 1514 4042 leuitas
1535 3992 1566 4042 et
1585 3980 1740 4061 competit

404 4084 483 4166 igni,
499 4098 530 4147 et
544 4085 557 4126 ⁵
570 4084 657 4148 calor
672 4087 827 4168 competit
839 4086 868 4148 ei
885 4105 940 4169 per
955 4105 999 4149 se.

485 4191 616 4275 Propter
631 4194 774 4275 primum
797 4193 978 4256 notandum
995 4194 1083 4277 quod
1103 4195 1186 4257 sicut
1206 4192 1407 4277 impossibile
1426 4206 1473 4257 est
1487 4193 1575 4277 quod
1597 4195 1629 4256 in
1646 4212 1742 4275 agen·
1770 4206 1803 4251 30

403 4298 490 4362 tibus
510 4299 713 4363 naturalibus
733 4300 818 4363 idem
840 4300 1020 4364 secundum
1042 4301 1129 4364 idem
1149 4315 1221 4385 agat
1241 4321 1296 4383 per
1310 4320 1343 4364 se
1362 4302 1535 4377 contraria,
1556 4301 1601 4363 sic
1621 4301 1741 4382 impos·

403 4406 496 4469 sibile
518 4419 566 4470 est
586 4408 675 4490 quod
699 4408 733 4470 in
757 4408 871 4471 eodem
898 4407 1077 4471 secundum
1104 4407 1189 4471 idem
1215 4409 1317 4471 insint
1341 4427 1396 4491 per
1417 4427 1451 4471 se
1471 4409 1630 4491 opposita.
1653 4407 1740 4471 Cum

403 4532 477 4595 ergo
498 4528 589 4576 actus
611 4527 640 4578 et
663 4516 811 4597 potencia
832 4529 1054 4598 opponantur,
1078 4516 1164 4578 idem
1187 4516 1368 4578 secundum
1393 4516 1479 4578 idem
1503 4534 1570 4578 non
1596 4515 1742 4578 mouebit

404 4639 437 4682 se
457 4621 564 4702 ipsum
588 4640 642 4703 per
661 4640 694 4684 se
714 4620 891 4704 loquendo,
912 4623 988 4705 quia
1008 4637 1087 4686 tunc
1107 4623 1141 4685 in
1161 4622 1274 4686 eodem
1296 4621 1477 4686 secundum
1500 4621 1585 4685 idem
1608 4642 1663 4705 per
1681 4625 1742 4685 se6

405 4727 547 4790 inessent
561 4730 710 4812 opposita
725 4742 762 4793 ut
776 4744 866 4794 actus
880 4742 911 4793 et
926 4730 1085 4813 potencia.
1102 4729 1232 4794 Tamen
1253 4731 1335 4794 sicut
1355 4749 1421 4793 non
1437 4742 1485 4793 est
1505 4730 1742 4793 inconueniens
1771 4742 1802 4787 ss

403 4834 492 4918 quod
513 4835 598 4898 idem
619 4855 717 4919 agens
738 4838 883 4901 naturale
902 4851 975 4921 agat
993 4858 1048 4921 per
1062 4837 1211 4902 accidens
1230 4838 1401 4913 contraria,
1423 4851 1459 4900 ut
1477 4836 1565 4920 quod
1586 4836 1739 4920 frigidum

487 5078 496 5110 ¹
515 5077 649 5152 Matique
669 5080 744 5135 dans
765 5081 793 5135 Ie
817 5097 869 5136 ms·
890 5112 925 5120 -
944 5081 955 5113 ²
974 5081 1019 5136 Ms
1037 5105 1074 5128 =
1093 5092 1205 5137 mouet.
1233 5112 1266 5121 —
1293 5081 1304 5114 ⁸
1324 5079 1457 5154 Maiaque
1483 5080 1559 5135 dans
1583 5078 1610 5133 le
1634 5096 1685 5133 ms.
1706 5109 1741 5119 —

403 5166 415 5199 ⁴
437 5165 570 5241 Matique
582 5169 657 5224 dans
672 5170 700 5224 le
715 5186 767 5225 ms.
789 5201 821 5209 —
842 5169 854 5202 ⁸
873 5170 918 5225 lls
931 5196 966 5215 ε
979 5182 1031 5227 est.
1054 5202 1087 5211 -
1108 5169 1119 5202 ⁸
1138 5171 1183 5226 llls
1198 5171 1231 5241 ψ
1246 5186 1285 5226 se.

565 5277 716 5310 uersantem
1620 5266 1633 5309 ⁵
