4872 6552
1277 926 1481 988 ,42-

712 1092 814 1155 tuitur
834 1111 898 1175 que
918 1104 1005 1154 extra
1026 1092 1173 1155 animam
1193 1106 1223 1156 et
1243 1112 1308 1156 non
1334 1094 1453 1156 mentis
1473 1104 1646 1175 conceptus
1665 1104 1712 1156 est
1722 1112 1732 1169 ;
1752 1103 1800 1156 est
1818 1093 1919 1156 eciam
1939 1093 2045 1157 eonsi-

712 1197 821 1260 derare
841 1197 977 1260 modum
999 1197 1199 1281 intelligendi
1221 1198 1309 1262 illius
1329 1201 1372 1262 rei
1394 1200 1456 1263 sub
1474 1219 1541 1283 quo
1565 1198 1663 1262 modo
1685 1198 1739 1261 illa
1762 1218 1810 1262 res
1832 1198 2042 1283 significatur,

712 1325 768 1368 seu
795 1305 865 1368 eius
891 1303 1071 1368 intellectus
1096 1306 1315 1369 constituitur.
1345 1306 1448 1369 Uoces
1474 1307 1562 1369 enim
1590 1305 1773 1388 significant
1797 1325 1845 1368 res
1869 1320 1905 1369 ut
1929 1307 2045 1370 intelli-

711 1425 845 1494 guntur,
869 1425 991 1475 utnon
1017 1425 1145 1475 tantum
1167 1413 1367 1476 constituant
1389 1412 1602 1495 significando
1625 1412 1822 1476 intellectum
1846 1433 1967 1489 rerum,
1990 1413 2044 1478 sed

670 1537 683 1580 5
713 1520 813 1581 eciam
828 1520 1028 1583 constituant
1044 1519 1240 1584 intellectum
1263 1519 1436 1583 modorum
1458 1518 1670 1602 intelligendi.
1691 1519 1915 1603 Significatum
1935 1535 2043 1593 autem

714 1646 769 1709 per
783 1626 959 1689 terminum
980 1645 1190 1690 communem
1207 1640 1367 1710 quantum
1388 1626 1428 1690 ad
1449 1626 1586 1691 modum
1608 1627 1806 1710 intelligendi
1826 1629 2043 1692 uniuersalem

712 1747 743 1797 et
774 1732 970 1796 abstractum
1001 1735 1056 1817 qui
1091 1753 1147 1817 per
1174 1736 1350 1798 terminum
1385 1754 1596 1798 communem
1629 1735 1712 1797 circa
1746 1737 1852 1818 ipsum
1886 1734 2044 1819 designat,

713 1854 888 1923 conceptus
904 1842 1023 1904 mentis
1042 1855 1169 1906 tantum
1186 1855 1231 1905 est
1241 1863 1250 1919 ;
1268 1842 1318 1905 uel
1334 1841 1469 1919 dicatur,
1485 1856 1516 1906 et
1531 1841 1611 1905 redit
1631 1842 1664 1904 in
1685 1841 1784 1917 idem,
1799 1842 1887 1925 quod
1908 1843 2045 1905 nomina

713 1949 905 2011 communia
934 1948 1037 2031 prime
1066 1949 1289 2031 imposicionis
1318 1968 1385 2012 non
1414 1949 1598 2032 significant
1626 1948 1845 2034 principaliter
1871 1963 2045 2033 conceptus

655 2099 684 2131 ,0
714 2057 844 2131 mentiS,
861 2054 915 2118 sed
937 2069 1067 2119 naturas
1082 2076 1146 2139 que
1164 2072 1250 2121 extra
1269 2058 1414 2119 animam
1435 2068 1610 2140 conceptus
1630 2057 1749 2120 mentis
1767 2057 1973 2140 consignant,
1989 2077 2044 2120 seu

713 2182 788 2225 cum
813 2163 981 2246 principali
1005 2163 1185 2246 significato
1206 2162 1401 2246 significant,
1424 2176 1459 2226 ut
1482 2163 1543 2226 hoc
1564 2176 1738 2247 conceptus
1761 2164 1891 2239 mentis,
1912 2165 1967 2246 qui
1991 2183 2046 2246 per

714 2271 891 2332 terminum
915 2288 1127 2333 communem
1154 2271 1300 2345 habetur,
1327 2289 1393 2332 non
1418 2271 1544 2333 dicatur
1565 2270 1782 2353 significatum
1807 2270 1861 2332 sed
1885 2271 2047 2352 consigni-

714 2376 858 2453 ficatum,
881 2390 1008 2459 propter
1023 2378 1110 2461 quod
1132 2378 1320 2442 huiusmodi
1343 2379 1478 2440 nomina
1498 2391 1528 2442 et
1542 2397 1560 2441 a
1574 2377 1757 2460 gramaticis
1776 2376 1940 2460 qualitatis
1959 2396 2046 2440 com-

715 2485 826 2548 munis
844 2503 913 2548 esse
927 2483 1092 2548 dicuntur.

656 2732 684 2776 ι5
796 2699 854 2762 Per
869 2698 930 2761 hoc
946 2711 1031 2782 patet
1045 2697 1169 2761 solucio
1184 2697 1223 2760 ad
1240 2699 1383 2781 primunr
1400 2699 1575 2762 obiectum.
1598 2698 1713 2761 Solum
1734 2698 1821 2761 enim
1842 2696 2047 2761 conciuditur

714 2805 802 2891 quod
822 2825 871 2869 res
890 2805 1068 2889 significata
1089 2825 1143 2888 per
1161 2806 1338 2868 terminum
1359 2824 1584 2882 communem,
1604 2805 1804 2869 considerata
1823 2818 1983 2888 quantum
2005 2803 2045 2867 ad

715 2912 852 2977 modum
877 2911 1057 2976 secundum
1083 2931 1180 2995 quem
1205 2912 1416 2996 significatur,
1442 2914 1483 2976 sit
1505 2926 1679 2997 conceptus
1704 2913 1822 2975 mentis
1846 2925 1994 2988 tantum3
2017 2924 2047 2974 et

715 3020 778 3084 hoe
800 3035 847 3084 est
868 3039 995 3097 verum,
1018 3019 1095 3094 quia
1117 3019 1172 3082 illa
1193 3019 1328 3083 modum
1352 3019 1532 3083 secundum
1553 3040 1651 3103 quem
1675 3019 1874 3103 significatur
1891 3019 2047 3082 abstracte

714 3129 755 3192 ab
782 3125 1067 3191 indiuiduantibus
1097 3128 1262 3210 principiis
1289 3147 1355 3191 non
1383 3127 1480 3191 habet
1506 3128 1539 3189 in
1566 3128 1715 3204 essend0,
1742 3126 1796 3191 sed
1823 3127 1929 3190 solum
1960 3126 2045 3209 apud

654 3279 686 3310 ,ο
717 3235 926 3301 intellectum.
952 3235 1023 3319 Ipsa
1045 3250 1154 3299 tamen
1180 3255 1228 3298 res
1250 3234 1440 3318 significata,
1465 3236 1495 3298 id
1519 3234 1606 3317 quod
1628 3249 1686 3311 est,
1706 3249 1752 3299 est
1775 3249 1862 3299 extra
1886 3234 2044 3296 animam.

798 3344 836 3407 Et
856 3344 913 3407 hec
934 3345 1023 3426 prius
1041 3362 1192 3413 concessa
1211 3354 1242 3405 et
1260 3342 1485 3419 determinata,
1508 3363 1563 3426 per
1584 3342 1668 3405 idem
1692 3342 1831 3405 soluitur
1852 3339 2045 3404 secundum.

715 3450 969 3515 Concedendum
991 3451 1078 3514 enim
1095 3450 1183 3533 quod
1205 3469 1259 3532 per
1274 3451 1450 3513 terminum
1471 3469 1681 3513 communem
1703 3448 1903 3532 significatur
1918 3448 2047 3510 uniuer-

716 3558 781 3622 sale
810 3574 845 3624 ut
874 3558 1068 3634 uniuersale,
1098 3559 1180 3622 sicut
1209 3559 1294 3621 racio
1323 3558 1448 3641 probat,
1477 3571 1508 3620 et
1537 3557 1772 3620 nichilominus
1800 3555 1984 3618 uniuersale
2012 3567 2048 3617 ut

717 3667 900 3731 uniuersale
923 3680 970 3730 est
990 3680 1165 3749 conceptus
1190 3667 1308 3729 mentis
1333 3679 1471 3728 tantum.
1495 3664 1530 3727 ld
1550 3678 1658 3727 tamen
1679 3663 1766 3747 quod
1787 3663 1971 3726 uniuersale
1989 3675 2046 3735 est,

654 3803 685 3847 25
716 3776 785 3839 siue
799 3774 886 3858 quod
908 3774 1125 3837 uniuersalenr
1147 3773 1241 3836 habet
1262 3772 1473 3849 intellectum,
1491 3791 1557 3835 non
1578 3785 1625 3834 est
1642 3785 1816 3854 conceptus
1834 3783 1976 3846 tantum,
1993 3768 2047 3832 sed

716 3903 765 3947 res
783 3896 870 3946 extra
889 3885 1035 3946 animam
1056 3883 1207 3956 existens,
1225 3880 1296 3943 licet
1312 3899 1378 3942 non
1394 3880 1439 3942 sic
1454 3879 1567 3942 existat
1586 3880 1668 3941 sicut
1686 3877 1912 3941 uniuersaliter
1931 3875 2048 3939 intelli-

714 3993 811 4074 gitur.
842 3990 936 4053 Unde
962 3990 1047 4052 racio
1073 3988 1179 4051 solum
1207 3988 1374 4050 conuincit
1397 3986 1485 4069 quod
1512 4006 1560 4048 res
1586 3985 1763 4068 significata
1790 4005 1845 4067 per
1869 3985 2046 4047 terminum

715 4117 941 4172 communem,
968 4095 1169 4159 considerata
1193 4109 1353 4177 quantum
1379 4093 1419 4156 ad
1445 4093 1579 4156 modum
1605 4095 1660 4175 qui
1685 4093 1766 4155 circa
1791 4111 1861 4155 earn
1886 4090 2048 4173 consigni-

718 4205 841 4281 ficatur,
857 4206 897 4268 sit
911 4218 1085 4286 conceptus
1102 4204 1230 4265 mentis.

656 4338 687 4382 30
797 4313 911 4376 Tereia
931 4331 1006 4375 vero
1028 4312 1112 4374 racio
1131 4323 1178 4373 est
1196 4311 1368 4373 auctoritas
1387 4309 1557 4372 aristotelis
1577 4308 1616 4371 ad
1637 4309 1721 4371 idern
1738 4307 1826 4391 quod
1845 4308 2048 4370 conuincunt

716 4425 780 4487 due
803 4424 905 4506 prime
921 4423 1065 4484 raciones
1079 4434 1189 4484 contra
1205 4419 1428 4483 determinata.
1451 4418 1544 4480 Nec1
1563 4418 1778 4492 conuincunt,
1800 4435 1858 4479 nec
1876 4415 2048 4479 auctoritas

717 4530 888 4595 aristotelis
904 4529 1041 4612 predicte
1055 4527 1268 4591 determinata
1282 4527 1451 4590 communi
1467 4525 1526 4588 erit
1540 4525 1710 4588 contraria.

798 4639 891 4702 Circa
907 4657 983 4701 uero
999 4637 1147 4699 ultimam
1166 4635 1342 4710 racionem,
1360 4636 1465 4716 primo
1480 4631 1753 4696 considerandum
1769 4645 1816 4694 est
1830 4630 1870 4693 de
1885 4630 1946 4693 hoc
1960 4629 2047 4713 quod

717 4747 877 4810 terminus
911 4745 995 4807 idem
1024 4743 1200 4826 significat,
1231 4762 1262 4805 re
1289 4743 1442 4806 existente
1470 4756 1501 4804 et
1530 4760 1594 4803 non
1625 4741 1794 4814 existente,
1823 4738 1960 4821 qualiter
1988 4736 2049 4799 hoc

657 4875 688 4919 35
717 4855 893 4936 contingat.
924 4853 993 4915 lloc
1019 4852 1107 4914 enim
1135 4851 1269 4934 quidam
1296 4869 1334 4912 ex
1361 4850 1478 4911 nostris
1503 4847 1718 4920 auditoribus,
1745 4847 1845 4909 eciam
1877 4846 2047 4927 prouectu,

684 4954 686 4957 ’
717 4962 951 5026 dubitauerunt
974 4960 1034 5022 hae
1058 4959 1197 5034 racione,
1219 4958 1296 5041 quia
1319 4976 1383 5020 uox
1406 4956 1490 5021 idem
1513 4954 1671 5040 signifieat
1692 4974 1766 5017 cum
1791 4952 1932 5018 eundem
1957 4952 2050 5019 intel-

791 5188 798 5220 ¹
820 5188 863 5242 llls
877 5213 912 5231 =
927 5187 981 5241 uel.
