4872 6552
1244 890 1447 953 „40-

679 1058 859 1120 Terminus
891 1077 965 1141 ergo
997 1058 1186 1121 communis
1219 1056 1379 1141 significat
1410 1075 1588 1120 commune
1616 1068 1652 1120 ut
1679 1074 1866 1119 commune.
1901 1054 2013 1119 Minor

678 1178 786 1227 autem
810 1165 926 1247 scripta
948 1176 994 1227 est
1015 1164 1056 1227 ab
1077 1184 1212 1247 auerroy
1231 1183 1327 1248 super
1345 1165 1480 1227 tercium
1501 1163 1540 1227 de
1561 1164 1685 1239 anima,
1705 1161 1793 1246 quod
1816 1162 2012 1226 uniuersalia

679 1286 714 1335 ut
730 1272 927 1335 uniuersalia
947 1286 1023 1335 sunt
1043 1270 1237 1334 intellectiua
1256 1283 1396 1334 tantum.
1416 1269 1614 1334 Intellectiua
1629 1284 1736 1333 autem
1754 1284 1789 1333 ut
1804 1268 2011 1344 intellectiua,

679 1379 740 1442 hoc
759 1393 807 1442 est
825 1392 986 1462 quantum
1009 1377 1049 1442 ad
1069 1398 1181 1441 eorum
1205 1378 1417 1454 intellectum,
1439 1391 1515 1441 sunt
1534 1392 1707 1460 conceptus
1731 1378 1849 1440 mentis
1870 1389 2010 1440 tantum.

637 1511 649 1554 5
680 1487 886 1550 Uniuersalia
909 1506 983 1569 ergo
1007 1500 1043 1549 ut
1067 1486 1263 1549 uniuersalia
1287 1499 1363 1549 sunt
1386 1500 1561 1568 conceptus
1588 1486 1707 1547 mentis
1733 1498 1884 1560 tantum;
1911 1496 1942 1547 et
1967 1497 2013 1547 est

679 1596 780 1657 eciam
797 1593 936 1676 predicta
953 1595 1061 1656 minor
1075 1594 1106 1655 in
1121 1593 1263 1676 quodam
1277 1593 1342 1656 alio
1358 1595 1509 1676 rescripto
1519 1613 1537 1656 a
1549 1592 1644 1655 nobis
1659 1591 1830 1654 manifeste
1841 1590 2011 1654 declarata.

761 1701 902 1763 Preterea
926 1700 996 1764 vult
1023 1700 1200 1763 aristoteles
1229 1701 1389 1783 principio
1418 1699 1670 1783 perihermenias
1697 1698 1784 1782 quod
1815 1717 1908 1761 uoces
1936 1711 2014 1761 sunt

680 1821 754 1871 note
777 1807 966 1890 passionum
988 1826 1050 1889 que
1072 1820 1150 1869 sunt
1170 1807 1345 1888 appetitiue
1366 1805 1566 1868 affecciones.
1593 1805 1655 1869 Sed
1678 1807 1754 1869 sic1
1777 1805 2013 1868 intellecciones

680 1916 799 1978 mentis
825 1916 990 1998 passiones
1016 1927 1104 1988 sunt,
1132 1933 1207 1977 cum
1233 1914 1274 1977 ab
1300 1913 1412 1977 eodem
1440 1913 1612 1990 aristotele,
1640 1915 1673 1976 in
1701 1915 1798 1977 tercio
1823 1913 1863 1977 de
1888 1913 2012 1988 anima,

621 2058 650 2089 ιο
679 2021 855 2104 intelligere
871 2022 934 2105 pati
950 2021 1084 2084 dicatur.

761 2129 903 2192 Preterea
929 2130 1089 2192 terminus
1114 2129 1314 2203 communis
1340 2148 1372 2192 re
1398 2129 1563 2205 existente,
1590 2148 1653 2212 que
1680 2148 1735 2213 per
1759 2130 1866 2212 ipsum
1891 2128 2013 2218 signiti-

678 2251 780 2313 catur,
808 2237 859 2299 uel
890 2256 957 2299 non
986 2238 1153 2312 existente,
1182 2235 1267 2299 idern
1297 2236 1458 2320 significat
1485 2255 1559 2299 cum
1587 2250 1618 2299 et
1642 2235 1782 2300 eundem
1814 2235 2011 2300 intellectuni

679 2345 864 2408 constituat.
890 2344 952 2408 Sed
973 2363 1005 2407 re
1027 2363 1095 2406 non
1118 2345 1277 2408 existente
1294 2364 1357 2426 que
1379 2364 1434 2428 per
1456 2345 1632 2406 terminum
1656 2363 1868 2407 communem
1892 2343 2014 2427 signifi-

679 2466 779 2527 catur,
802 2453 871 2514 siue
894 2451 1047 2533 possibile
1069 2453 1110 2514 sit
1127 2451 1215 2534 quod
1240 2452 1371 2533 ponitur
1391 2451 1460 2514 siue
1482 2450 1695 2533 impossibile,
1716 2470 1783 2514 non
1806 2451 1895 2513 enirn
1920 2449 2013 2514 refert

621 2582 649 2626 15
678 2560 719 2622 ad
750 2559 972 2643 propositum,
1000 2559 1159 2622 terminus
1188 2556 1348 2640 significat
1382 2558 1500 2620 mentis
1531 2571 1724 2640 conceptum
1758 2571 1898 2621 tantum.
1931 2557 2014 2640 Ergo

679 2667 779 2729 eciam
797 2679 827 2728 et
847 2685 879 2728 re
897 2667 1051 2728 existente
1071 2664 1267 2747 significabit
1286 2666 1404 2727 mentis
1422 2677 1616 2746 conceptum
1636 2678 1776 2728 tantum.
1795 2664 1833 2729 Et
1852 2664 1910 2727 bec
1929 2666 2014 2727 racio

678 2775 867 2837 communis
886 2788 944 2849 est,
960 2787 990 2837 et
1007 2775 1129 2856 eisque
1150 2771 1373 2855 significantur
1386 2792 1441 2855 per
1455 2773 1613 2835 terminos
1631 2790 1823 2835 communes
1842 2786 1872 2836 et
1891 2773 1937 2835 eis
1951 2792 2015 2855 que

680 2901 735 2965 per
755 2880 921 2956 discretos
940 2880 1027 2963 quod
1043 2881 1116 2963 ,sint
1136 2892 1310 2962 conceptus
1335 2880 1454 2943 mentis
1477 2892 1616 2944 tantum.
1643 2879 1682 2942 Et
1703 2881 1868 2963 supposita
1893 2880 2014 2943 maiore

681 2987 820 3072 predicte
840 2988 979 3050 racionis
998 2988 1091 3050 cuius
1112 2988 1230 3050 ueritas
1250 2986 1371 3069 patebit
1390 2986 1560 3063 soluendo,
1583 2988 1691 3050 minor
1710 2986 1880 3069 dupliciter
1901 2987 2014 3071 proba-

619 3130 650 3162 20
679 3109 744 3171 tur,
773 3094 933 3171 videlicet,
962 3093 1051 3178 quod
1080 3115 1111 3157 re
1141 3113 1207 3157 non
1239 3096 1392 3157 existente
1421 3114 1483 3177 que
1513 3114 1567 3177 per
1595 3095 1771 3158 terminum
1802 3094 2013 3177 significatur,

679 3204 840 3267 terminus
866 3201 1023 3284 significet
1046 3215 1237 3284 conceptum
1265 3203 1383 3265 mentis
1407 3214 1547 3264 tantum.

761 3310 870 3373 Primo
886 3312 941 3373 sic.
957 3310 1039 3373 lllud
1054 3310 1141 3393 quod
1159 3331 1225 3374 non
1242 3325 1334 3387 esset,
1347 3312 1408 3374 nisi
1425 3319 1517 3374 mens
1533 3310 1732 3394 speculatiua
1746 3322 1826 3374 esset
1841 3324 1870 3374 et
1885 3323 2012 3374 tantum

679 3431 726 3482 est
741 3418 921 3481 secundum
943 3432 1099 3495 mentem,
1115 3432 1162 3482 est
1182 3421 1300 3483 mentis
1319 3432 1493 3501 conceptus
1513 3418 1632 3482 solum.
1650 3418 1713 3481 Sed
1730 3437 1762 3481 re
1777 3437 1843 3481 non
1859 3418 2015 3481 existente

680 3527 714 3589 in
731 3546 836 3589 rerum
854 3539 968 3589 natura
983 3546 1046 3609 que
1062 3546 1117 3609 per
1135 3528 1313 3591 terminum
1335 3526 1545 3609 significatur,
1563 3528 1631 3610 ipsa
1652 3525 1780 3588 nullum
1797 3545 1865 3589 esse
1884 3525 2015 3589 haberet

618 3656 649 3700 25
680 3635 742 3696 nisi
760 3653 853 3697 mens
866 3647 959 3711 esset,
971 3647 1001 3697 et
1016 3648 1063 3697 est
1076 3647 1204 3701 tantum
1222 3634 1401 3697 secundum
1419 3648 1573 3697 mentem.
1587 3633 1670 3717 Ergo
1683 3633 1881 3715 significatur
1896 3635 2014 3697 mentis

679 3755 854 3825 conceptus
876 3754 1015 3806 tantum.

759 3850 910 3913 Secundo
936 3852 991 3913 sic.
1022 3850 1067 3913 Re
1093 3870 1160 3914 non
1190 3851 1344 3914 existente
1369 3870 1432 3933 que
1461 3869 1515 3932 per
1540 3850 1718 3912 terminum
1749 3849 1959 3931 significatur,
1987 3849 2012 3912 si

680 3958 897 4041 significatum
928 3978 995 4020 non
1022 3959 1062 4021 sit
1092 3958 1210 4020 mentis
1237 3971 1412 4041 conceptus
1440 3970 1581 4032 tantum,
1610 3971 1689 4020 tunc
1717 3956 1824 4019 differt
1849 3977 1868 4019 a
1895 3959 2014 4021 mentis

680 4079 849 4149 conceptu.
873 4064 1014 4128 Habebit
1034 4066 1131 4147 igitur
1151 4067 1316 4128 entitatem
1333 4065 1535 4129 differentem
1552 4086 1570 4127 a
1585 4084 1645 4128 suo
1663 4078 1821 4147 conceptu
1837 4064 1925 4147 quod
1947 4084 2013 4128 non

618 4192 650 4236 30
679 4173 817 4236 videtur.
838 4173 911 4252 Que
930 4174 1019 4235 enirn
1035 4186 1082 4236 est
1098 4172 1151 4235 illa
1167 4174 1283 4236 entitas
1297 4172 1451 4236 differens
1469 4173 1585 4236 cesaris
1600 4193 1618 4234 a
1633 4192 1693 4235 suo
1710 4187 1867 4255 conceptu
1887 4191 1961 4235 curn
1980 4174 2013 4236 in

680 4299 787 4343 rerum
805 4293 919 4343 natura
935 4300 1002 4343 non
1018 4281 1143 4343 existat.

760 4495 893 4558 Contra.
925 4494 1103 4558 Terminus
1129 4496 1317 4558 communis
1344 4495 1524 4577 predicatur
1546 4495 1586 4558 de
1613 4495 1860 4578 particularibus
1887 4497 2015 4559 racione

681 4605 730 4666 sui
753 4603 935 4686 significati.
960 4602 1022 4665 Sed
1047 4604 1166 4665 mentis
1187 4616 1361 4685 conceptus
1384 4622 1449 4665 non
1470 4606 1483 4645 2
1506 4602 1686 4685 predicatur
1707 4602 1747 4666 de
1770 4603 1904 4667 eisdem.
1931 4603 2015 4686 Ergo

680 4712 841 4774 terminus
862 4711 1050 4772 communis
1073 4729 1139 4772 non
1163 4709 1322 4792 significat
1344 4711 1461 4773 mentis
1485 4724 1692 4793 conceptum.

619 4835 650 4879 35
762 4817 916 4880 preterea,
929 4816 1049 4880 Mentis
1063 4830 1239 4899 conceptus
1253 4830 1300 4880 est
1315 4819 1348 4879 in
1366 4833 1473 4880 mente
1487 4818 1699 4901 concipiente.
1717 4817 1780 4881 Sed
1796 4817 2012 4900 significatum

681 4925 811 4989 termini
836 4925 1024 4987 communis
1049 4944 1115 4988 non
1140 4938 1187 4988 est
1211 4925 1244 4986 in
1271 4938 1390 5001 mente,
1413 4945 1488 4988 cum
1515 4925 1596 5008 lapis
1620 4945 1687 4991 non
1711 4927 1751 4993 sit
1774 4927 1808 4997 in
1833 4927 1956 5001 anima,
1979 4939 2015 5000 ut

762 5151 771 5193 l
791 5151 836 5217 Ms
849 5177 884 5196 z
898 5150 983 5206 sicut.
1004 5183 1038 5190 -
1060 5150 1070 5181 ²
1088 5151 1134 5207 llis
1147 5178 1182 5195 τ
1198 5162 1238 5216 ut„
