4892 6540
994 934 1198 998 ,27-

427 1127 465 1170 ex
491 1105 612 1189 quibus
638 1092 787 1167 futurum
814 1121 925 1166 semen
954 1112 1168 1165 reseruaretur
1191 1099 1337 1163 humane
1362 1099 1596 1182 generacionis.
1624 1097 1663 1161 Et
1687 1117 1762 1160 cum

428 1214 528 1277 homo
548 1213 589 1275 sit
602 1229 720 1294 ymago
738 1229 834 1273 cause
853 1211 969 1293 prime,
986 1207 1186 1292 probabilius
1205 1219 1253 1272 est
1272 1207 1442 1270 hominem
1463 1226 1531 1269 esse
1549 1206 1762 1269 constitutum

427 1341 446 1384 a
460 1339 557 1384 causa
573 1319 690 1403 prima,
706 1337 806 1401 quam
821 1316 913 1379 aliter
928 1317 961 1379 in
977 1336 1045 1379 esse
1066 1317 1266 1397 processisse.
1289 1314 1328 1378 Et
1342 1328 1378 1378 ut
1393 1328 1525 1378 utamur
1540 1311 1765 1397 probabilitate

428 1429 531 1512 ipsius
551 1425 734 1489 Aristotelis
755 1444 855 1508 quarn
877 1424 991 1488 tullius
1013 1425 1106 1506 ponit
1128 1424 1161 1485 in
1184 1422 1268 1486 libro
1290 1423 1397 1506 primo
1415 1421 1456 1485 de
1478 1433 1593 1484 natura
1613 1420 1761 1494 deorum,

427 1535 482 1599 vbi
502 1534 601 1597 uerba
620 1532 791 1596 aristotelis
804 1531 946 1614 inducit,
962 1532 1074 1595 dicens
1088 1531 1176 1615 quod
1192 1532 1218 1594 si
1235 1532 1267 1592 in
1284 1530 1409 1593 deserto
1428 1549 1467 1592 ex
1487 1528 1655 1611 inprouiso
1676 1540 1765 1590 stans
1794 1542 1807 1586 ⁵

428 1643 602 1706 inueniat¹
627 1639 801 1724 pallacium
828 1641 861 1702 in
886 1659 952 1723 quo
979 1659 1045 1703 non
1072 1640 1134 1702 nisi
1158 1638 1337 1721 yrundioes
1362 1637 1585 1711 inueniantur,
1609 1636 1765 1719 quamuis

429 1750 590 1814 nesciatur
609 1747 722 1812 artilex
742 1748 798 1831 qui
822 1746 895 1811 fecit
915 1746 1102 1829 pallacium,
1122 1759 1232 1809 tamen
1253 1765 1291 1807 ex
1311 1745 1380 1828 ipsa
1400 1742 1526 1827 pallacii
1547 1742 1765 1825 disposicione

428 1855 636 1920 conuincitur
660 1854 747 1939 quod
775 1854 954 1937 yrundioes
980 1852 1061 1916 illud
1091 1852 1264 1936 pallacium
1293 1871 1359 1915 non
1387 1850 1543 1925 fecerunt,
1573 1849 1628 1913 sed
1655 1849 1764 1932 aliqua

428 1977 543 2027 natura
559 1962 784 2026 intellectualis
800 1981 855 2046 per
870 1962 1032 2025 racionem
1049 1961 1126 2023 artis
1141 1958 1216 2024 fecit
1230 1958 1323 2022 illud.
1341 1958 1387 2022 lta
1402 1960 1503 2021 eciam
1520 1977 1596 2020 cum
1618 1957 1764 2020 mundus

428 2071 504 2134 artis
525 2090 608 2153 opus
630 2071 671 2133 sit
692 2082 723 2133 et
744 2069 883 2133 racionis
904 2084 934 2134 ct
956 2069 989 2130 in
1014 2068 1091 2151 ipsis
1111 2068 1270 2151 generatis
1293 2085 1360 2129 non
1382 2067 1483 2149 possit
1503 2065 1677 2128 consistere
1700 2064 1762 2127 nisi
1796 2102 1825 2135 ,ο

748 2181 760 2219 ²
780 2175 947 2259 probabile
966 2174 1115 2260 estquod
1136 2174 1239 2258 prime
1256 2187 1482 2257 generatorum
1504 2173 1689 2236 substancia
1709 2191 1764 2255 per

429 2285 573 2347 raciones
587 2284 639 2347 dei
654 2283 790 2347 deorum
806 2284 841 2346 in
856 2303 924 2347 esse
940 2283 1004 2346 sint
1020 2282 1193 2366 producte3
1214 2294 1245 2344 et
1264 2279 1325 2343 hoc
1347 2299 1405 2363 pro
1423 2296 1508 2343 certo
1527 2291 1574 2343 est
1593 2278 1764 2343 aristotelis

428 2391 647 2476 philosophia,
663 2410 762 2474 quam
784 2392 852 2473 ipse
870 2390 1039 2473 uulgarem
1055 2402 1147 2453 vocat
1163 2389 1195 2451 in
1213 2389 1320 2472 primo
1339 2387 1423 2451 libro
1437 2386 1476 2450 de
1494 2386 1564 2451 celo
1578 2400 1609 2451 et
1624 2386 1761 2450 mundo.

428 2498 673 2563 Racionabilius
698 2512 745 2562 est
772 2516 847 2581 ergo
871 2497 960 2581 quod
990 2498 1116 2580 primus
1145 2496 1246 2559 homo
1275 2515 1331 2579 per
1356 2496 1556 2559 creacionem
1585 2495 1764 2559 constiterit

427 2626 527 2690 quam
552 2606 640 2689 quod
665 2625 837 2689 nunquam
862 2603 958 2667 fuerit
981 2605 1107 2686 primus
1131 2603 1244 2666 homo.
1795 2626 1824 2670 15

1051 2925 1139 3010 [vn]

508 3140 598 3224 [214]
620 3139 718 3220 Quod
738 3152 846 3202 autem
868 3140 1007 3223 septimo
1026 3138 1152 3214 dicunt,
1172 3139 1318 3201 animam
1339 3157 1403 3221 quc
1424 3151 1471 3201 est
1491 3138 1596 3202 forma
1616 3138 1762 3202 hominis

427 3247 609 3312 secundum
624 3246 713 3330 quod
734 3247 834 3310 homo
852 3247 1029 3330 corrumpi,
1045 3259 1197 3329 corrupto
1215 3265 1360 3328 corpore,
1376 3266 1414 3309 ex
1432 3245 1626 3310 omnimoda
1641 3249 1653 3289 ³
1673 3246 1763 3329 igno-

427 3352 535 3419 rancia
555 3354 697 3439 procedit
717 3353 933 3438 philosophie.
955 3354 1041 3434 Quia
1060 3352 1241 3418 secundum
1263 3353 1476 3437 philosophos
1496 3353 1588 3417 nulla
1607 3372 1670 3436 que
1689 3373 1763 3417 vere

427 3462 532 3527 forma
551 3476 598 3526 est
616 3463 847 3545 corrumpitur,
862 3463 940 3546 quia
960 3463 993 3524 in
1016 3463 1149 3526 materia
1168 3461 1260 3525 nulla
1274 3475 1331 3525 est.
1351 3460 1395 3525 Ea
1410 3481 1484 3544 ergo
1499 3481 1562 3545 que
1578 3463 1612 3525 in
1629 3462 1762 3526 materia
1791 3498 1823 3531 ιο

427 3583 485 3647 est,
501 3583 557 3633 aut
570 3589 689 3653 ymago
705 3568 809 3632 forme
824 3581 883 3645 est,
898 3582 955 3633 aut
970 3570 1169 3632 resonancia.

505 3676 636 3753 adhuc,
652 3676 679 3739 si
694 3695 730 3739 ea
746 3675 852 3739 solum
869 3673 973 3739 forma
989 3695 1062 3738 vere
1076 3688 1200 3759 estque
1215 3695 1282 3739 non
1298 3690 1345 3740 est
1359 3689 1448 3740 actus
1463 3676 1601 3741 alicuius
1617 3678 1762 3753 materie,

426 3783 572 3867 sequitur
586 3788 598 3826 ⁴
614 3783 720 3846 solum
742 3781 941 3848 intellectum
955 3802 1028 3846 vere
1048 3782 1186 3846 formam
1210 3803 1290 3860 esse,
1311 3784 1456 3867 eoquod
1476 3783 1601 3847 nullius
1619 3786 1762 3868 corporis

426 3905 515 3955 actus
530 3904 587 3954 est.
606 3889 792 3954 intellectus
806 3903 914 3954 autem
932 3889 1036 3953 forma
1052 3889 1197 3953 hominis
1211 3904 1270 3967 est,
1287 3904 1322 3954 ut
1335 3891 1436 3954 homo
1450 3904 1509 3968 est,
1524 3893 1581 3976 qui
1597 3907 1763 3976 separatur

426 4012 463 4062 ut
478 3997 677 4081 incorporale
692 4018 710 4061 a
725 3998 902 4081 corporali3
920 3996 1025 4061 forma
1039 4017 1112 4080 ergo
1128 3998 1285 4074 hominis,
1301 4011 1337 4061 ut
1352 3997 1454 4062 homo
1468 4012 1527 4075 est,
1542 4000 1761 4084 corruptibilis
1790 4024 1822 4067 25

427 4126 494 4169 non
509 4122 567 4171 est.

506 4213 539 4277 Si
556 4227 665 4277 autem
682 4212 798 4278 volunt
811 4213 917 4276 dicere
936 4214 1083 4276 animam
1103 4232 1249 4296 esseque
1268 4228 1315 4277 cst
1331 4216 1474 4298 corporis
1494 4216 1694 4294 endulichia,
1710 4217 1760 4282 vel

425 4335 527 4397 actus,
551 4321 691 4385 omnino
715 4321 901 4405 ignorancie
923 4321 1047 4384 dictum
1072 4320 1227 4403 estquod
1251 4321 1375 4386 dicunt.
1402 4324 1524 4387 Anima
1546 4326 1634 4388 enim
1660 4326 1761 4389 endu-

426 4429 524 4493 lichia
542 4429 748 4512 corporisest
763 4449 929 4512 persuum
950 4443 1058 4493 actum
1077 4428 1328 4493 substancialem
1345 4450 1408 4513 que
1422 4445 1469 4494 est
1485 4432 1562 4509 vita,
1578 4433 1660 4496 sicut
1676 4445 1761 4516 patet

425 4557 463 4600 ex
485 4536 676 4600 aristotelica
697 4536 899 4600 diffinicione
920 4538 1030 4601 anime
1050 4556 1114 4620 que
1135 4550 1182 4601 est
1202 4536 1383 4601 denumero
1408 4541 1573 4622 posicione
1592 4540 1759 4617 differens,
1789 4563 1821 4606 ³0

425 4664 489 4729 que
508 4644 656 4727 estquod
676 4646 788 4707 anima
808 4658 854 4708 est
874 4645 1072 4729 principium
1093 4658 1124 4709 et
1141 4664 1237 4709 causa
1257 4647 1321 4709 vite
1341 4646 1523 4710 secundum
1543 4647 1631 4731 quod
1650 4649 1759 4712 viuere

426 4751 615 4815 viuentibus
634 4764 681 4814 est
699 4771 778 4815 esse.
801 4751 840 4816 Et
859 4751 931 4816 ideo
951 4771 1019 4816 non
1038 4771 1155 4815 omnes
1175 4765 1279 4836 partes
1297 4755 1441 4837 corporis
1461 4774 1528 4818 uno
1549 4755 1648 4819 modo
1665 4757 1760 4838 parti-

425 4859 535 4942 cipant
556 4859 669 4935 vitam,
692 4858 746 4922 sed
768 4859 908 4942 quedam
931 4858 971 4923 ad
994 4860 1110 4924 nutriri
1133 4873 1164 4925 et
1184 4862 1335 4943 vegetari,
1357 4862 1497 4945 quedam
1517 4862 1558 4925 ad
1578 4864 1708 4939 sentire,
1728 4877 1759 4927 et

507 5100 516 5132 ¹
536 5101 581 5155 his
593 5127 629 5146 =
643 5100 819 5158 inueniatur.
838 5135 872 5142 —
891 5103 903 5136 ¹
921 5103 1045 5160 Lacuna
1058 5121 1093 5159 en
1111 5105 1198 5160 blanc
1211 5105 1286 5160 dans
1300 5106 1328 5161 le
1341 5122 1393 5162 ms.
1410 5106 1454 5161 On
1465 5108 1608 5179 pourrait
1619 5109 1759 5181 suppleer

422 5206 482 5266 por
495 5205 530 5245 ex
543 5190 660 5251 artifice.
672 5223 706 5237 ·-
727 5190 738 5223 ⁸
755 5191 800 5252 En
818 5209 923 5267 merge
935 5193 1011 5249 dans
1026 5195 1053 5250 le
1066 5212 1119 5253 ms.
1134 5228 1167 5240 κ
1188 5195 1199 5228 ⁴
1220 5196 1264 5252 llis
1278 5195 1312 5267 †
1325 5196 1417 5267 quod.
