4872 6552
988 865 1194 963 ²67*

424 1058 570 1151 indigent
588 1067 699 1150 grauia
719 1067 885 1131 essenciali
908 1068 1180 1132 transmutatione
1199 1081 1235 1131 ut
1256 1081 1462 1144 moueantur,
1484 1068 1582 1131 huius
1605 1086 1660 1150 per
1679 1054 1759 1131 acci-

423 1174 504 1238 dens
523 1187 680 1257 tanquam
696 1175 730 1237 in
745 1194 844 1257 agens
863 1195 919 1258 per
933 1195 966 1239 se
985 1175 1153 1239 reducetur
1169 1177 1202 1237 in
1224 1174 1304 1238 illud
1324 1195 1422 1258 agens
1437 1174 1524 1258 quod
1544 1173 1760 1238 essencialiter

423 1294 618 1346 transmutat
635 1283 748 1364 grauia
758 1303 767 1360 ;
783 1296 814 1346 et
828 1283 905 1364 quia
923 1281 985 1346 tale
1004 1302 1104 1366 agens
1122 1295 1169 1346 est
1186 1302 1357 1365 generans,
1374 1282 1594 1346 benedictum
1609 1280 1759 1364 estquod

421 1390 533 1471 grauia
559 1402 590 1453 et
615 1389 700 1453 leuia
726 1409 782 1473 per
806 1409 840 1453 se
866 1403 1041 1453 mouentur
1067 1409 1123 1472 per
1147 1389 1308 1465 accidens,
1333 1391 1410 1473 quia
1436 1402 1467 1453 et
1489 1408 1508 1451 a
1530 1389 1760 1472 generantibus

423 1508 684 1561 transmutantur
705 1496 921 1560 essencialiter
941 1516 1016 1560 cum
1040 1516 1095 1580 per
1114 1497 1360 1579 generacionem
1384 1496 1544 1578 accipiant
1565 1496 1757 1578 grauitatem
1790 1512 1802 1555 5

422 1617 453 1667 et
468 1603 644 1669 leuitatem.
662 1603 724 1667 Sed
742 1616 836 1687 prout
852 1617 1058 1668 mouentura
1073 1624 1107 1667 se
1122 1604 1213 1687 ipsis,
1226 1605 1303 1688 quia
1318 1604 1499 1667 secundum
1515 1602 1614 1667 talem
1631 1614 1758 1666 motum

422 1711 589 1775 essenciali
609 1713 885 1775 transmutacione
905 1731 972 1775 non
993 1726 1132 1795 egerent,
1149 1712 1221 1775 ideo
1241 1712 1347 1775 solum
1370 1730 1425 1794 per
1438 1709 1588 1774 accidens
1606 1729 1640 1773 se
1657 1724 1762 1773 trans-

424 1832 554 1883 mutant
571 1818 772 1883 remouendo
787 1818 976 1902 prohibens.

503 1925 600 2007 Quod
621 1946 699 1990 uero
720 1927 866 2010 arguitur
884 1926 972 2010 quod
993 1927 1106 2009 grauia
1126 1927 1317 2010 grauitatem
1341 1926 1519 2005 suscipiant
1538 1945 1556 1989 a
1574 1938 1759 2009 generante,

424 2032 478 2096 sed
503 2053 542 2097 ex
565 2052 632 2117 quo
655 2033 770 2117 adepta
794 2047 872 2097 sunt
895 2032 1035 2097 formam
1059 2034 1180 2117 grauis,
1201 2053 1234 2097 se
1256 2034 1324 2117 ipsa
1344 2053 1475 2097 mouere
1496 2045 1633 2116 possunt
1652 2046 1759 2096 actua·
1792 2060 1822 2092 ιο

423 2139 506 2217 liter,
529 2141 614 2205 racio
636 2142 714 2224 petit
732 2140 821 2224 quod
844 2153 891 2205 est
913 2142 946 2203 in
968 2143 1141 2205 contrario.
1166 2140 1241 2205 Non
1263 2141 1352 2204 enim
1376 2141 1521 2223 arguitur
1539 2138 1627 2223 quod
1648 2139 1761 2223 grauia

424 2261 579 2311 moueant
593 2268 627 2312 se
641 2250 711 2331 ipsa
726 2268 782 2331 per
796 2269 840 2324 se,
857 2247 911 2312 sed
928 2251 940 2291 ¹
959 2268 1015 2331 per
1028 2248 1188 2311 accidens.
1211 2248 1295 2311 Nam
1315 2261 1492 2330 antequam
1512 2247 1624 2330 grauia
1646 2246 1760 2329 adepta

423 2356 488 2419 sint
504 2353 644 2419 formam
656 2357 777 2439 grauis,
791 2369 827 2419 ut
842 2369 1037 2420 moueantur
1048 2355 1215 2431 deorsum,
1227 2358 1318 2418 non¹
1333 2353 1481 2438 indigent
1493 2353 1556 2416 nisi
1572 2367 1761 2417 remouente

424 2462 613 2545 prohibens.
638 2462 713 2527 ldeo
735 2463 841 2527 solum
865 2476 959 2546 egent
981 2475 1105 2527 motore
1129 2482 1184 2546 per
1204 2461 1364 2526 accidens.
1390 2462 1528 2525 Mouent
1550 2480 1625 2544 ergo
1647 2461 1760 2544 grauia

423 2569 589 2634 actualiter
603 2589 636 2634 se
652 2571 720 2653 ipsa
735 2570 887 2634 deorsum
900 2591 909 2648 ;
927 2569 981 2633 sed
998 2570 1059 2634 hoc
1073 2584 1120 2634 est
1136 2589 1191 2653 per
1205 2569 1366 2647 accidens,
1382 2582 1418 2633 ut
1432 2581 1599 2632 ostensum
1616 2580 1674 2631 est.
1792 2583 1821 2629 ιε

504 2676 601 2757 Quod
615 2690 724 2740 autem
741 2676 931 2760 tangebatur
942 2697 980 2741 ex
995 2676 1091 2741 latere
1103 2676 1192 2761 quod
1206 2678 1291 2760 ignis
1301 2677 1429 2760 genitus
1444 2676 1605 2758 accipiens
1620 2674 1759 2738 calorem

423 2803 442 2847 a
456 2798 628 2866 generante
642 2783 808 2848 calefaciat
822 2804 876 2868 per
892 2804 936 2861 se,
952 2804 1051 2868 quare
1066 2784 1274 2868 suscipiendo
1293 2783 1457 2847 leuitatem
1474 2795 1677 2865 agenerante
1693 2800 1760 2844 non

425 2904 576 2955 mouetur
590 2911 721 2955 sursum
737 2905 768 2955 et
781 2892 885 2956 tendit
904 2912 1034 2955 sursum
1057 2911 1111 2975 per
1130 2911 1173 2955 se.
1194 2891 1246 2955 Ad
1268 2891 1329 2954 hoc
1348 2903 1457 2954 autem
1479 2889 1576 2973 plana
1595 2902 1642 2953 est
1662 2889 1759 2952 racio.

425 2998 509 3062 Nam
525 3018 601 3062 cum
618 3000 701 3082 ignis
713 3000 841 3082 genitus
852 2999 1018 3063 calefaciat
1032 2999 1213 3063 secundum
1227 2998 1316 3082 quod
1332 2997 1534 3072 huiusmodi,
1545 2996 1762 3060 essencialiter

423 3119 619 3171 transmutat
639 3105 845 3184 calefactum,
868 3106 1104 3191 propterquod
1126 3105 1272 3170 calefacit
1293 3126 1349 3189 per
1368 3124 1413 3182 se,
1433 3103 1599 3168 causando
1619 3103 1759 3167 calorem
1789 3132 1821 3164 20

425 3214 457 3274 in
473 3212 689 3278 calefactibili.
711 3214 773 3278 Sed
793 3217 898 3277 cumi
917 3234 1047 3277 sursum
1069 3233 1137 3277 non
1156 3224 1354 3277 transmutat
1372 3212 1588 3276 essencialiter
1602 3230 1635 3274 se
1651 3211 1759 3294 ipsum

423 3333 454 3383 et
474 3340 529 3404 per
544 3341 577 3385 se
597 3320 774 3405 loquend0,
796 3341 863 3385 non
883 3333 993 3385 causat
1013 3322 1047 3383 in
1068 3340 1101 3385 se
1120 3321 1298 3397 leuitatem,
1319 3319 1374 3383 sed
1393 3317 1501 3383 solum
1524 3331 1635 3382 mouet
1653 3337 1686 3381 se
1706 3336 1761 3400 per

423 3427 572 3492 accidens
588 3428 790 3492 remouendo
806 3428 994 3512 prohibens.

507 3653 515 3684 ¹
534 3652 579 3707 Ms
593 3677 628 3697 =
642 3652 703 3707 hec.
725 3680 759 3691 -
780 3651 791 3683 '
808 3651 942 3725 Matique
955 3652 1031 3708 dans
1045 3652 1074 3707 le
1087 3668 1139 3707 ms.
1156 3651 1214 3691 —⁸
1233 3652 1279 3707 Ms
1296 3654 1329 3723 4-
1345 3667 1416 3706 non.
