4872 6552
966 878 1171 956 ..814

403 1078 590 1164 philosophi
611 1081 787 1156 recitando,
804 1100 870 1144 non
891 1100 927 1144 ea
945 1080 1118 1144 asserendo
1137 1092 1294 1163 tanquam
1315 1100 1400 1143 vera.
1422 1080 1667 1144 Advertendum
1688 1080 1735 1144 est

402 1201 512 1251 autem
534 1188 623 1271 quod
646 1187 755 1271 aliqua
778 1189 898 1271 species
922 1189 1006 1252 entis
1029 1201 1133 1271 potest
1155 1188 1241 1251 exire
1263 1190 1296 1250 in
1319 1201 1441 1264 actum,
1464 1207 1539 1251 cum
1565 1207 1632 1250 non
1655 1201 1736 1252 esset

404 1296 466 1358 nisi
492 1296 524 1357 in
550 1296 710 1378 potencia,
732 1315 923 1379 quanquam
946 1295 1025 1358 alias
1047 1296 1147 1358 eciam
1171 1307 1243 1358 actu
1266 1293 1390 1369 fuisset,
1413 1294 1502 1378 quod
1525 1295 1570 1358 sic
1591 1309 1733 1378 apparet.

404 1402 488 1466 Nam
511 1403 667 1466 conuenit
691 1403 724 1465 in
746 1402 917 1466 celestibus
941 1401 1007 1465 fieri
1031 1403 1174 1486 aliquem
1198 1415 1363 1485 aspectum
1388 1416 1418 1466 et
1440 1402 1734 1478 constellationem,

404 1512 492 1592 prius
517 1529 584 1573 non
609 1511 792 1587 existentes,
814 1530 956 1593 quorum
980 1509 1112 1573 effectus
1137 1511 1287 1593 proprius
1310 1523 1357 1573 est
1377 1510 1487 1593 aliqua
1511 1511 1631 1593 species
1652 1511 1736 1573 entis
1766 1526 1779 1569 5

404 1618 436 1679 in
458 1617 585 1681 mundo
605 1615 747 1680 inferiori
763 1636 826 1701 que
840 1631 871 1680 et
884 1630 964 1681 tunc
982 1631 1145 1695 causatur,
1161 1636 1224 1701 que
1243 1631 1352 1680 tamen
1368 1630 1398 1680 et
1414 1618 1504 1700 prius
1523 1616 1639 1693 fuerat,
1654 1618 1737 1680 sicut

402 1737 433 1789 et
446 1724 649 1788 constellatio
664 1725 768 1808 ipsam
784 1744 932 1788 causans.

483 1830 601 1896 Tertio
619 1831 895 1896 considerandum
915 1846 962 1895 est
976 1832 1065 1915 quod
1084 1851 1159 1896 cum
1180 1833 1337 1915 accipitur
1351 1832 1498 1916 potencia
1516 1831 1557 1895 ad
1577 1844 1684 1894 actum
1707 1844 1737 1895 et

403 1953 493 2004 actus
508 1939 648 2003 educens
664 1939 754 2003 illam
771 1941 953 2024 potenciam
970 1939 1114 2003 eiusdem
1137 1941 1276 2003 racionis
1292 1941 1325 2002 in
1339 1952 1514 2023 generante
1528 1954 1559 2003 et
1571 1950 1735 2023 generato,

404 2066 470 2111 non
495 2062 542 2111 est
565 2048 681 2124 dicere,
706 2049 740 2110 in
765 2050 811 2111 sic
831 2048 979 2130 acceptis,
1004 2061 1112 2111 actum
1139 2047 1305 2130 precedere
1329 2049 1511 2130 potenciam
1536 2046 1736 2129 simpliciter,
1769 2075 1798 2108 ιο

404 2174 509 2238 neque
538 2156 721 2238 potenciam
750 2168 873 2231 actum,
903 2156 965 2218 nisi
995 2168 1085 2218 actus
1112 2156 1289 2237 accipiatur
1316 2155 1497 2219 secundum
1526 2155 1678 2238 speciem,
1707 2168 1737 2219 et

404 2263 551 2345 potencia
580 2263 709 2346 propria
738 2275 881 2346 respectu
912 2262 1087 2326 indiuidui.
1116 2263 1199 2326 Actu
1226 2263 1314 2326 enim
1341 2263 1453 2339 homo,
1480 2277 1510 2327 et
1535 2275 1608 2326 actu
1636 2262 1737 2326 homo

403 2369 482 2433 alias
506 2383 542 2434 ut
568 2384 642 2453 pote
664 2390 833 2453 generans,
853 2383 998 2454 tempore
1021 2371 1159 2454 precedit
1181 2371 1263 2433 illud
1283 2371 1370 2453 quod
1393 2383 1440 2434 est
1462 2383 1615 2453 potestate
1637 2371 1737 2434 homo

403 2491 584 2560 generatus.
611 2477 674 2541 Sed
698 2478 776 2561 quia
800 2478 862 2541 hoc
885 2477 1011 2555 ordine,
1037 2480 1120 2542 sicut
1146 2479 1294 2561 potencia
1317 2498 1375 2542 ens
1398 2479 1463 2541 exit
1487 2479 1520 2540 in
1544 2491 1654 2542 actum
1683 2498 1738 2561 per

403 2584 527 2668 aliquid
556 2587 696 2649 existens
725 2587 757 2648 in
787 2599 872 2661 actu,
902 2600 938 2649 ut
965 2587 1010 2649 sic
1038 2605 1271 2669 quamcunque
1300 2586 1482 2668 potenciam
1509 2586 1618 2650 datam
1647 2597 1737 2648 actus
1769 2600 1798 2645 ιε

405 2692 562 2775 precedat,
588 2694 631 2756 ita
657 2694 759 2756 eciam
785 2712 885 2757 omne
910 2694 1049 2756 existens
1076 2695 1108 2756 in
1136 2706 1208 2757 actu
1236 2694 1270 2755 in
1298 2693 1358 2757 hac
1383 2694 1499 2776 specie,
1524 2693 1564 2757 de
1590 2693 1737 2776 potencia

404 2799 495 2863 uadit
513 2799 553 2863 ad
571 2813 693 2877 actum,
709 2814 744 2864 ut
764 2801 810 2863 sic
824 2819 1054 2883 quemcunque
1073 2815 1181 2864 actum
1198 2801 1310 2865 datum
1333 2802 1366 2863 in
1388 2801 1448 2864 hac
1466 2801 1570 2884 specie
1590 2800 1738 2883 potencia

404 2908 562 2991 precedat.
591 2907 667 2972 ldeo
694 2921 846 2972 neutrum
876 2908 1065 2991 simpliciter
1090 2908 1227 2972 alterum
1257 2922 1401 2992 tempore
1427 2908 1583 2997 precedit,
1610 2908 1665 2972 sed
1691 2921 1738 2973 est

402 3035 507 3078 vnum
527 3030 603 3081 ante
621 3016 758 3080 alterum
780 3017 814 3077 in
835 3015 1017 3092 infinitum,
1037 3017 1121 3079 sicut
1138 3017 1341 3100 arguebatur.

483 3125 608 3205 Quarto
626 3123 902 3188 considerandum
923 3136 970 3186 est
989 3123 1077 3206 quod
1098 3124 1130 3186 in
1152 3126 1165 3167 ¹
1183 3124 1327 3207 quodam
1347 3124 1462 3188 ordine
1482 3125 1687 3188 mouentium
1707 3135 1738 3186 et
1767 3149 1799 3182 ιο

402 3232 582 3314 agentium,
600 3250 727 3296 necesse
746 3244 793 3295 est
813 3230 894 3295 illud
910 3230 998 3314 quod
1018 3231 1161 3314 procedit
1174 3231 1214 3294 de
1230 3233 1378 3315 potencia
1392 3232 1432 3294 ad
1448 3245 1569 3308 actum,
1585 3231 1738 3294 deuenire

403 3335 444 3398 ad
463 3336 607 3419 aliquem
628 3349 736 3400 actum
757 3336 948 3400 educentem
970 3335 1060 3399 illam
1082 3337 1264 3417 potenciam
1283 3335 1324 3399 ad
1344 3350 1466 3411 actum,
1482 3337 1538 3420 qui
1558 3349 1649 3400 actus
1670 3355 1737 3399 non

405 3442 501 3506 habet
523 3445 610 3508 exire
631 3445 670 3507 de
693 3445 841 3526 potencia
861 3444 903 3507 ad
926 3458 1035 3507 actum
1048 3464 1057 3520 ;
1080 3456 1111 3506 et
1134 3443 1218 3519 ideo,
1241 3463 1315 3507 cum
1338 3463 1439 3507 omne
1457 3463 1515 3507 ens
1536 3445 1568 3505 in
1591 3444 1738 3526 potencia

404 3569 460 3632 per
481 3551 605 3634 aliquid
629 3553 662 3614 in
684 3566 757 3615 actu
780 3571 837 3615 sue
859 3552 973 3634 speciei
993 3550 1090 3614 vadat
1108 3551 1149 3613 ad
1168 3564 1291 3627 actum,
1313 3570 1380 3614 non
1402 3570 1471 3615 esse
1492 3564 1600 3615 autem
1623 3571 1681 3615 ens
1703 3551 1737 3612 in

403 3670 476 3720 actu
491 3670 522 3721 et
535 3677 694 3740 generans
714 3657 856 3741 procedit
870 3659 911 3721 de
931 3660 1078 3741 potencia
1097 3658 1138 3721 ad
1158 3671 1280 3721 actum.
1303 3657 1390 3722 Hinc
1410 3672 1456 3722 est
1470 3658 1572 3741 quod,
1588 3677 1738 3741 quoqun-
1767 3674 1798 3718 2⁵

404 3784 466 3847 que
488 3778 563 3828 ente
585 3767 619 3827 in
642 3767 789 3849 potencia
809 3765 849 3829 ad
869 3765 1011 3849 aliquem
1034 3780 1143 3829 actum
1164 3765 1251 3842 dato,
1272 3779 1362 3829 actus
1383 3766 1470 3829 illius
1490 3767 1604 3849 speciei
1627 3765 1738 3849 aliquo

405 3871 517 3948 modo,
538 3872 611 3936 licet
634 3892 700 3936 non
722 3872 903 3936 secundum
926 3872 1062 3936 eandem
1089 3874 1219 3956 penitus
1240 3875 1417 3949 racionem,
1442 3873 1531 3936 illam
1555 3873 1737 3956 potenciam

403 3979 584 4057 antecedit;
611 3999 678 4043 non
703 3993 812 4043 autem
835 3999 1033 4064 quocunque
1053 3993 1126 4044 ente
1150 3981 1183 4043 in
1209 3995 1281 4044 actu
1304 3980 1392 4056 dato,
1416 3981 1563 4063 potencia
1586 3979 1737 4063 precedit,

404 4105 442 4149 ex
457 4106 522 4170 qua
536 4086 577 4149 ad
592 4101 700 4151 actum
722 4086 882 4170 procedat.
902 4087 940 4151 Et
955 4087 1027 4151 ideo
1046 4101 1137 4150 actus
1156 4088 1347 4170 simpliciter
1361 4101 1506 4170 tempore
1520 4087 1614 4151 debet
1635 4106 1739 4170 prece·

403 4193 477 4257 dere
504 4195 686 4277 potenciam
715 4196 798 4257 sicut
822 4196 1006 4278 expositum
1031 4208 1088 4258 est.
1117 4195 1198 4258 Dico
1223 4208 1331 4258 autem
1359 4196 1442 4259 sicut
1467 4195 1651 4278 expositum
1678 4207 1736 4259 est.
1768 4211 1800 4254 ao

404 4301 489 4381 Quia
518 4320 657 4365 mouens
686 4302 882 4384 potenciam,
911 4301 1053 4366 educens
1080 4302 1121 4365 ad
1154 4314 1262 4366 actum
1291 4322 1390 4366 omne
1418 4322 1476 4366 ens
1509 4303 1543 4365 in
1578 4303 1738 4385 potencia,

405 4427 472 4472 non
489 4410 629 4491 precedit
647 4424 791 4492 tempore
805 4429 864 4473 ens
879 4411 912 4472 in
929 4411 1089 4493 potencia,
1105 4422 1272 4493 acceptum
1288 4409 1359 4474 loco
1375 4411 1478 4493 prime
1498 4411 1641 4486 materie,
1657 4411 1739 4474 sicut

403 4517 493 4578 enim
513 4516 594 4580 deus
613 4535 740 4600 semper
758 4530 805 4581 est
824 4518 888 4595 sic3
908 4531 939 4581 et
957 4517 1044 4601 apud
1064 4517 1258 4580 aristotelem
1281 4519 1428 4600 potencia
1447 4518 1638 4582 homocum
1659 4517 1740 4579 acci-

405 4623 492 4705 pitur
513 4637 549 4686 ut
570 4624 604 4686 in
627 4626 696 4707 ipsa
719 4626 866 4701 materia,
889 4644 1027 4688 mouens
1048 4626 1151 4688 eciam
1175 4625 1318 4707 primum
1342 4637 1486 4708 tempore
1511 4643 1578 4688 non
1601 4624 1740 4708 precedit

404 4749 463 4794 ens
482 4732 517 4792 in
538 4733 789 4814 potentiacum
806 4733 963 4815 excipitur
982 4744 1018 4794 ut
1038 4733 1071 4795 in
1094 4732 1223 4815 propria
1243 4733 1376 4796 materia
1395 4731 1576 4795 secundum
1599 4734 1738 4814 speciem
1768 4747 1800 4791 as

403 4838 618 4916 considerata,
648 4852 683 4902 ut
712 4839 813 4903 homo
842 4841 874 4903 in
904 4853 1074 4923 spermate.
1105 4839 1284 4923 Nunquam
1312 4840 1401 4903 enim
1427 4838 1515 4923 apud
1544 4838 1738 4903 aristotelem

403 4965 518 5009 verum
544 4945 607 5010 fuit
627 4946 732 5011 dicere
753 4947 864 5025 deum,
887 4948 968 5031 quin
990 4960 1071 5011 esset
1095 4949 1243 5030 potencia
1265 4947 1366 5011 homo
1386 4960 1422 5011 ut
1440 4948 1474 5010 in
1496 4959 1668 5031 spermate,
1687 4945 1738 5010 vel

490 5170 498 5203 ¹
517 5171 651 5245 Maiaque
663 5172 738 5228 dans
753 5172 781 5228 le
794 5188 846 5228 ms.

510 5281 661 5314 statumen
