4872 6552
1249 848 1453 940 ..ὀμ

679 1062 712 1109 se
733 1065 864 1124 mouere
879 1065 911 1108 se
933 1046 1054 1128 ipsum,
1072 1065 1126 1129 per
1140 1065 1176 1109 ea
1192 1065 1255 1128 que
1274 1059 1468 1129 competunt
1486 1045 1582 1110 rebus
1602 1045 1875 1121 indiuisibilibus,
1891 1041 1943 1109 uel
1964 1060 2020 1129 per

679 1173 715 1216 ea
729 1173 793 1236 que
807 1167 998 1236 competunt
1012 1153 1248 1229 diuisibilibus,
1266 1173 1324 1237 pro
1339 1167 1375 1217 ut
1389 1173 1464 1217 cum
1483 1152 1741 1216 indiuisibilibus
1756 1155 2018 1228 communicant,

678 1260 835 1323 deficiunt
859 1280 914 1343 per
935 1260 1096 1323 fallaciam
1121 1259 1308 1324 accidentis.
1336 1259 1533 1323 Extraneum
1556 1274 1604 1324 est
1624 1261 1712 1324 enim
1735 1280 1753 1322 a
1776 1260 1871 1323 rebus
1895 1260 2018 1323 moueri

680 1367 862 1431 secundum
890 1368 979 1450 quod
1004 1368 1254 1432 communicant
1278 1388 1353 1431 cum
1385 1366 1657 1443 indiuisibilibus,
1684 1386 1760 1430 cum
1787 1380 1950 1450 competat
1974 1368 2020 1430 eis

636 1495 649 1538 5
679 1488 789 1545 motus
804 1488 901 1558 prout
913 1487 991 1538 sunt
1005 1474 1198 1539 diuisibiles.

757 1688 808 1751 nd
825 1689 969 1771 primum
985 1688 1162 1751 dicendum
1178 1687 1267 1771 quod
1282 1688 1417 1771 quando
1431 1688 1541 1771 aliqua
1562 1690 1669 1772 passio
1683 1691 1839 1771 competit
1855 1690 1973 1771 primu,
1990 1689 2016 1751 si

678 1810 884 1859 remoueatur
902 1796 943 1858 ab
964 1796 1056 1887 omni
1077 1795 1141 1858 alio
1156 1795 1245 1878 quod
1261 1808 1308 1858 est
1327 1808 1516 1858 extraneum
1537 1776 1578 1858 ab
1599 1796 1668 1871 illo,
1686 1808 1781 1879 prout
1800 1809 1861 1859 stat
1881 1796 1942 1859 sub
1962 1795 2017 1859 tali

679 1904 840 1985 passione,
856 1902 963 1966 adhuc
978 1904 1133 1986 competit
1149 1904 1207 1967 ista
1228 1903 1334 1985 passio
1349 1904 1389 1965 ei.
1407 1902 1469 1966 Sed
1486 1905 1512 1965 si
1533 1903 1618 1965 istud
1640 1922 1706 1965 non
1728 1917 1810 1966 esset
1828 1918 2016 1967 extraneum

677 2011 718 2074 ab
739 2031 777 2073 eo
799 2010 981 2073 secundum
1004 2010 1141 2092 aliquid,
1166 2029 1223 2092 pro
1246 2024 1282 2073 ut
1303 2012 1315 2052 ¹
1336 2023 1398 2073 stat
1419 2010 1480 2073 sub
1502 2009 1557 2073 tali
1581 2011 1743 2092 passione,
1768 2030 1836 2073 non
1859 2023 2020 2093 oporteret

619 2151 649 2183 10
679 2119 741 2183 hoc
754 2118 952 2199 contingere.
970 2117 1130 2180 Videmus
1144 2118 1232 2180 enim
1247 2117 1335 2199 quod
1351 2117 1535 2199 triangulus
1549 2131 1596 2180 est
1612 2119 1810 2201 principium
1826 2117 2018 2200 figurarum,

678 2240 708 2290 et
731 2240 778 2289 est
800 2225 926 2288 habens
947 2224 1106 2307 angulum
1129 2226 1345 2287 extrinsecum
1369 2224 1573 2306 squalentem
1597 2224 1727 2288 duobus
1749 2225 1933 2288 intrinsecis
1955 2225 2016 2288 sibi

678 2334 849 2416 oppositis,
871 2334 948 2414 quia
968 2330 1083 2394 accidit
1102 2330 1277 2413 triangulo,
1298 2351 1356 2414 pro
1377 2345 1413 2394 ut
1432 2331 1529 2394 habet
1550 2346 1625 2406 treS,
1645 2332 1734 2415 quod
1756 2333 1798 2395 sit
1819 2332 2015 2415 principium

679 2439 869 2523 figurarum.
899 2439 973 2502 Non
1003 2452 1112 2502 autem
1143 2458 1200 2521 pro
1229 2452 1266 2502 ut
1293 2438 1390 2501 habet
1417 2453 1480 2502 tres
1508 2439 1623 2502 accidit
1650 2440 1678 2501 ei
1707 2439 1795 2522 quod
1826 2441 1867 2503 sit
1894 2438 2018 2502 habens

678 2548 837 2629 angulum
861 2547 1089 2609 extrinsecum.
1115 2544 1149 2608 Si
1171 2545 1337 2609 tolleretur
1357 2565 1376 2607 a
1397 2545 1560 2629 triangulo
1581 2565 1649 2608 esse
1673 2545 1874 2628 triangulum
1901 2547 2019 2628 princi-

620 2675 648 2719 15
679 2654 771 2736 pium
795 2653 985 2735 figurarum,
1008 2652 1115 2716 adhuc
1136 2666 1331 2735 competeret
1350 2654 1377 2714 ei
1400 2652 1516 2715 habere
1537 2666 1610 2716 tres.
1635 2652 1698 2716 Sed
1721 2654 1747 2714 si
1769 2652 1900 2716 tolletur
1919 2653 1960 2715 ab
1979 2672 2017 2716 eo

680 2761 796 2824 habere
812 2760 970 2843 angulum
991 2761 1208 2823 extrinsecum
1226 2779 1293 2822 non
1309 2774 1503 2843 competeret
1518 2761 1545 2822 ei
1563 2760 1680 2823 habere
1694 2773 1768 2836 tres,
1786 2779 1852 2823 non
1868 2760 2017 2823 obstante

677 2867 766 2950 quod
788 2867 904 2930 habere
923 2880 986 2930 tres
1005 2880 1168 2950 competat
1180 2867 1209 2929 ei
1227 2867 1332 2949 primo
1351 2880 1382 2929 et
1398 2886 1452 2949 per
1471 2886 1515 2929 se.
1537 2866 1590 2929 Sic
1609 2880 1655 2930 est
1675 2868 1708 2928 in
1733 2867 1908 2949 proposito.
1931 2866 2015 2929 Nam

679 2995 810 3039 mouere
837 2995 871 3037 se
897 2976 1023 3058 ipsum,
1051 2976 1077 3037 si
1103 2987 1264 3057 competat
1291 2976 1352 3050 rei,
1381 2974 1443 3037 hoc
1470 2988 1518 3037 est
1545 2994 1602 3057 pro
1628 2988 1664 3037 ut
1689 2975 1913 3037 communicat
1939 2993 2013 3037 cum

678 3082 950 3146 indiuisibilibus.
972 3083 1149 3145 Ostensum
1170 3095 1217 3145 cst
1236 3082 1324 3144 enim
1346 3082 1453 3144 solum
1471 3083 1558 3164 [54¹3
1574 3081 1636 3145 col.
1653 3082 1697 3163 a]
1715 3081 1930 3144 indiuisibilia
1949 3100 2017 3144 esse

616 3223 648 3255 ιο
678 3190 717 3254 ad
743 3210 776 3253 se
801 3189 1006 3252 corrucrsiua.
1037 3188 1112 3252 ldeo
1139 3208 1197 3271 pro
1225 3202 1260 3251 ut
1286 3188 1510 3251 consideratur
1532 3188 1657 3272 aliquid
1684 3190 1809 3251 moueri
1834 3208 1851 3250 a
1876 3208 1908 3251 se
1932 3188 2015 3271 ipso,

677 3312 866 3362 extraneum
883 3310 930 3359 est
944 3298 972 3359 ei
988 3295 1105 3359 habere
1122 3310 1236 3378 partes.
1255 3295 1330 3358 ldeo
1347 3310 1433 3378 parte
1447 3296 1644 3378 quiescente,
1660 3295 1768 3358 adhuc
1782 3295 1877 3358 debet
1891 3295 2016 3358 moueri

678 3419 804 3480 totum3
829 3417 859 3467 et
881 3404 959 3487 quia
982 3403 1042 3466 hoc
1063 3416 1111 3466 est
1135 3402 1349 3486 impossibile,
1373 3402 1576 3485 impossibile
1598 3417 1645 3466 est
1665 3414 1769 3466 totum
1796 3403 1920 3465 moueri
1943 3422 1961 3465 a
1984 3421 2017 3464 se

678 3513 749 3595 ipso
769 3512 887 3592 primo.
905 3510 967 3573 Sed
985 3530 1042 3593 pro
1058 3524 1094 3572 ut
1108 3509 1231 3592 aliquid
1254 3523 1405 3572 mouetur
1418 3509 1460 3572 ab
1475 3509 1551 3585 alio,
1569 3529 1634 3572 non
1652 3523 1699 3572 est
1717 3523 1906 3572 extraneum
1922 3509 1963 3572 ab
1978 3528 2016 3572 eo

678 3618 795 3681 habere
817 3630 933 3700 partes.
960 3616 1078 3692 lmmo,
1102 3616 1282 3679 secundum
1306 3615 1395 3698 quod
1418 3616 1514 3679 habet
1539 3630 1654 3699 partes,
1678 3617 1723 3679 sic
1746 3617 1901 3698 competit
1922 3617 1949 3679 ei
1974 3618 2015 3679 ita

616 3747 647 3790 25
678 3726 802 3788 moueri
818 3726 860 3788 ab
875 3724 952 3800 alio,
969 3743 1044 3787 cum
1066 3724 1108 3786 sit
1121 3723 1162 3786 de
1177 3725 1306 3787 racione
1323 3738 1432 3786 motus
1447 3743 1515 3786 esse
1531 3724 1564 3784 in
1580 3723 1739 3786 continuo
1754 3737 1784 3787 et
1800 3725 1832 3785 in
1849 3734 1861 3766 ²
1877 3724 2016 3787 habente

678 3845 793 3915 partes.
819 3832 925 3894 Potest
947 3851 1022 3913 ergo
1044 3830 1167 3914 aliquid
1192 3844 1298 3894 totum
1325 3832 1449 3894 moueri
1472 3830 1513 3893 ab
1534 3830 1600 3893 alio
1622 3831 1728 3913 primo
1750 3844 1780 3893 et
1803 3850 1924 3913 perse,
1948 3850 2014 3894 non

676 3939 825 4002 obstante
846 3939 935 4021 quod
957 3940 1143 4021 quiescente
1165 3951 1252 4021 parte
1276 3958 1341 4001 non
1367 3951 1517 4001 mouetur
1538 3951 1656 4001 totum.
1682 3938 1737 4001 Est
1758 3957 1833 4019 ergo
1858 3938 2016 4000 instancia

676 4045 750 4108 data
780 4046 866 4108 bona
895 4058 925 4108 et
952 4058 1153 4128 competens
1177 4063 1234 4127 pro
1263 4058 1374 4107 utres
1401 4046 1532 4127 ponitur
1558 4045 1682 4107 moueri
1705 4064 1724 4107 a
1745 4064 1790 4120 se,
1812 4063 1877 4107 non
1906 4058 2014 4107 autem

678 4172 735 4235 pro
762 4165 798 4215 ut
827 4154 960 4235 ponitur
985 4153 1110 4215 moueri
1134 4152 1176 4215 ab
1199 4151 1284 4228 alio;
1310 4165 1437 4235 propter
1462 4151 1586 4234 aliquid
1615 4151 1702 4214 bona
1730 4164 1776 4214 est
1797 4151 2015 4214 denunciacio

615 4283 647 4325 30
677 4258 878 4342 philosophi.

758 4366 808 4428 Ad
830 4366 1010 4430 secundum
1027 4366 1203 4429 dicendum
1220 4365 1308 4448 quod
1330 4364 1414 4428 idem
1438 4378 1627 4447 potestesse
1647 4365 1828 4428 uirtualiter
1847 4365 1921 4441 tale,
1944 4365 2015 4428 licet

677 4472 857 4536 formaliter
875 4487 979 4537 careat
999 4474 1066 4536 illo.
1084 4474 1212 4536 Tamen
1229 4471 1317 4556 quod
1337 4486 1384 4535 est
1404 4472 1584 4534 uinualiter
1598 4472 1673 4547 tale,
1688 4474 1765 4556 quia
1785 4473 1894 4536 alciori
1916 4472 2014 4535 modo

677 4579 773 4644 habet
796 4579 876 4644 illud
901 4601 955 4664 per
977 4601 1009 4643 se
1032 4580 1209 4663 loquend0,
1233 4599 1405 4661 nunquam
1429 4593 1476 4642 est
1498 4594 1659 4662 receptum
1686 4580 1785 4643 illius.
1811 4579 1886 4642 ldeo
1908 4577 1956 4642 sol
1980 4580 2013 4641 in

675 4689 769 4751 cuius
793 4689 912 4752 uirtute
935 4688 992 4751 hec
1015 4687 1169 4751 inferiora
1191 4687 1356 4761 calefiunt,
1379 4685 1515 4749 calefieri
1540 4706 1607 4749 non
1630 4687 1725 4762 valet,
1748 4700 1779 4750 et
1800 4706 1898 4769 agens
1923 4686 2015 4749 intel-

614 4819 646 4862 35
676 4795 777 4859 lectus
793 4797 825 4857 in
841 4796 935 4858 cuius
954 4797 1073 4859 uirtute
1094 4795 1275 4858 intellectus
1295 4794 1460 4877 possibilis
1479 4793 1676 4856 informatur
1691 4794 1870 4876 speciebus,
1887 4792 2013 4855 nullam

675 4903 813 4985 speciem
830 4904 941 4985 recipit
954 4924 961 4979 ;
980 4902 1211 4985 propterquod
1227 4917 1330 4966 cessat
1343 4902 1497 4966 obieccio.

749 5137 758 5168 ¹
778 5134 911 5208 Maiaque
925 5135 1000 5190 dans
1019 5135 1046 5190 le
1062 5151 1113 5190 ms.
1138 5167 1167 5174 —
1189 5135 1200 5167 ²
1219 5135 1264 5190 Ms
1278 5161 1313 5180 =
1326 5151 1399 5190 esse.
