4872 6552
979 878 1183 974 *95*

414 1091 489 1157 ergo
515 1086 546 1139 et
570 1074 768 1151 substancia,
795 1073 836 1137 ad
862 1094 961 1158 quam
990 1075 1127 1158 pertinet
1153 1074 1300 1158 potencia
1327 1073 1541 1156 intelligendi,
1567 1070 1658 1137 dabit
1682 1084 1750 1137 esse

416 1182 548 1245 materie
573 1194 604 1245 et
626 1182 764 1264 corpori.
793 1181 855 1245 Sed
882 1182 1104 1245 substanciam
1128 1181 1168 1244 ad
1193 1200 1294 1265 quam
1322 1182 1458 1264 pertinet
1484 1182 1630 1264 potencia
1658 1181 1751 1244 intel-

415 1288 536 1371 ligendi
556 1287 697 1352 dicimus
716 1289 862 1352 animam
884 1288 1128 1352 intellectiuam.
1145 1288 1267 1352 Anima
1284 1289 1380 1371 igitur
1395 1288 1590 1352 intellectiua
1610 1288 1664 1352 dat
1682 1307 1751 1351 esse

417 1396 548 1460 materie
563 1408 593 1459 et
606 1397 745 1479 corpori.

496 1504 595 1567 Racio
616 1516 724 1567 autem
751 1503 872 1567 Thome
890 1516 937 1567 est
959 1503 1028 1580 hec,
1049 1505 1137 1588 quod
1157 1503 1334 1587 intelligere
1354 1503 1389 1567 fit
1408 1503 1589 1568 secundum
1608 1505 1715 1587 ipsum
1739 1506 1751 1546 ¹
1780 1518 1793 1562 s

416 1610 629 1675 intellectum.
646 1611 709 1674 Sed
726 1610 901 1695 intelligere
918 1611 1103 1676 attribuitur
1123 1632 1190 1676 non
1211 1611 1386 1675 intellectui
1408 1610 1463 1675 sed
1482 1624 1513 1674 et
1532 1611 1659 1674 homini
1676 1612 1748 1694 ipsi.

416 1717 487 1782 Hoc
505 1732 614 1782 autem
637 1738 703 1782 non
724 1720 923 1801 contingeret
942 1720 967 1781 si
988 1721 1099 1782 anima
1119 1719 1316 1783 intellectiua
1331 1720 1461 1783 haberet
1480 1738 1548 1782 esse
1567 1731 1749 1801 separatum

414 1846 433 1889 a
453 1828 586 1890 materia
605 1839 636 1889 et
653 1845 788 1910 corpore
802 1830 825 1889 ².
843 1826 939 1890 Vnde
960 1840 990 1890 et
1014 1826 1246 1909 Philosophus,
1266 1825 1410 1889 secundo
1431 1826 1470 1889 de
1485 1826 1607 1889 Anima
1627 1826 1703 1890 dicit
1725 1830 1750 1902 ⁸,

415 1935 492 2019 quia
507 1935 618 1998 anima
633 1947 680 1997 est
694 1953 759 2018 qua
775 1932 999 2017 intelligimus,
1011 1933 1178 1998 concludit
1192 1953 1262 1997 eam
1275 1953 1344 1997 esse
1356 1946 1462 1997 actum
1480 1947 1511 1998 et
1523 1932 1750 2017 perlectionem

415 2043 570 2125 corporis.
1783 2068 1813 2099 ιο

499 2148 552 2213 Isti
566 2149 626 2214 viri
640 2148 796 2213 deficiunt
805 2148 846 2212 ab
857 2150 1042 2213 intencione
1057 2149 1259 2233 Philosophi,
1274 2169 1332 2213 nec
1347 2150 1506 2213 intentum
1519 2150 1748 2214 determinant.

496 2256 646 2321 Primum
663 2269 795 2340 apparet
811 2255 1042 2340 multipliciter.

499 2363 609 2428 Primo
628 2365 697 2427 sic:
719 2363 795 2428 Non
814 2365 975 2448 contingit
994 2364 1213 2429 substanciam
1229 2364 1372 2448 aliquam
1390 2383 1458 2427 esse
1472 2364 1598 2428 vnitam
1620 2366 1751 2429 materie

415 2484 446 2535 et
462 2473 643 2555 potenciam
660 2471 748 2534 illius
763 2470 948 2535 substancie
962 2491 1030 2535 esse
1045 2482 1224 2557 separatam
1239 2492 1258 2535 a
1274 2473 1418 2536 materia.

497 2579 649 2643 Secundo
664 2580 734 2643 sic:
756 2578 789 2642 Si
805 2581 818 2621 ⁴
837 2578 1023 2643 substancia
1042 2580 1153 2643 anime
1172 2578 1367 2644 intellectiue
1387 2579 1518 2643 haberet
1536 2598 1605 2643 esse
1619 2581 1749 2644 vnitum
1783 2594 1811 2638 ιε

416 2685 457 2750 ad
485 2687 653 2750 materiam
681 2688 724 2750 ita
750 2686 837 2770 quod
864 2686 946 2749 dans
972 2706 1040 2750 esse
1067 2687 1209 2762 materie,
1238 2699 1317 2750 tunc
1341 2706 1416 2750 cum
1448 2686 1623 2769 intelligere
1649 2688 1690 2751 sit
1716 2689 1750 2750 in

416 2793 601 2859 substancia
629 2794 740 2857 anime
769 2793 976 2870 intellectiue,
1006 2793 1182 2877 intelligere
1211 2794 1342 2858 haberet
1369 2813 1437 2857 esse
1463 2794 1496 2856 in
1524 2793 1633 2877 aliqua
1663 2808 1751 2877 parte

415 2902 571 2985 corporis,
587 2914 623 2965 ut
637 2901 722 2965 uisio
742 2902 776 2964 in
796 2900 903 2978 oculo,
919 2914 977 2965 aut
995 2902 1028 2963 in
1049 2914 1116 2965 toto
1135 2921 1279 2985 corpore,
1300 2900 1387 2985 quod
1408 2913 1503 2984 negat
1518 2900 1748 2984 Philosophus.

496 3007 612 3073 Tercio
631 3009 700 3072 sic:
721 3008 811 3072 Sicut
831 3008 932 3071 nichil
951 3022 1102 3091 operatur
1122 3028 1177 3092 per
1196 3009 1417 3073 substanciam
1438 3008 1479 3072 ab
1498 3028 1536 3072 eo
1556 3022 1750 3093 separatam,

415 3117 461 3179 sic
476 3135 534 3179 nec
548 3117 561 3158 ⁶
576 3135 632 3199 per
647 3115 842 3199 potenciam.
859 3115 997 3197 Quodsi
1015 3117 1197 3198 potenciam
1214 3115 1414 3199 intelligendi
1431 3116 1541 3179 anime
1556 3115 1752 3179 intellectiue
1780 3143 1812 3175 20

416 3236 541 3307 ponant
560 3237 738 3307 separatam
759 3243 778 3287 a
796 3242 929 3306 corpore
950 3236 981 3287 et
1003 3224 1148 3299 materia,
1171 3243 1362 3307 quanquam
1383 3221 1604 3286 substanciam
1628 3235 1753 3306 ponant

414 3332 637 3408 coniunctam,
655 3331 755 3395 nichil
772 3331 901 3414 prodest
914 3334 927 3373 ⁶
942 3343 979 3394 ut
992 3333 1004 3372 ⁷
1020 3331 1185 3395 materiale
1199 3331 1332 3415 aliquod
1349 3330 1525 3414 intelligere
1539 3331 1675 3395 dicatur.

495 3439 620 3520 Quarto
641 3440 710 3502 sic:
732 3439 766 3503 Si
790 3438 891 3502 homo
913 3437 1103 3522 intelligeret
1121 3440 1199 3522 quia
1219 3437 1405 3502 substancia
1424 3439 1535 3502 anime
1558 3438 1752 3502 intellectiue

415 3546 504 3609 daret
518 3565 586 3609 esse
602 3547 732 3609 materie
744 3558 801 3609 aut
812 3547 937 3629 corpori
948 3548 973 3620 ⁸,
989 3565 1055 3608 non
1072 3545 1179 3609 solum
1194 3545 1321 3609 homini
1336 3559 1443 3629 posset
1456 3547 1590 3610 attribui
1603 3547 1752 3629 operacio

417 3652 630 3735 intelligendi,
652 3652 707 3715 sed
729 3665 759 3716 et
779 3654 918 3735 corpori,
941 3652 1029 3736 quod
1053 3652 1172 3716 falsum
1195 3666 1254 3728 est,
1276 3665 1307 3717 et
1330 3666 1423 3736 negat
1445 3652 1675 3736 Philosophus.
1781 3669 1812 3713 25

496 3759 622 3839 Quinto
650 3760 696 3822 sic
725 3778 732 3822 ε
770 3758 948 3823 Conclusio
982 3759 1191 3842 intelligenda
1219 3773 1266 3824 est
1294 3761 1376 3824 sicut
1411 3759 1565 3844 probatur
1593 3779 1648 3844 per
1676 3781 1751 3824 suas

417 3867 590 3950 premissas
616 3866 696 3930 uel⁹
723 3886 778 3950 per
808 3887 904 3930 suum
938 3868 1105 3945 medium;
1133 3867 1188 3931 sed
1215 3868 1300 3931 racio
1325 3887 1504 3951 perquam
1533 3866 1752 3951 Philosophus

417 3972 531 4057 probat
543 3974 630 4057 quod
645 3973 825 4037 intellectus
838 3975 879 4037 sit
891 3989 1056 4058 separatus
1068 3995 1085 4038 a
1097 3994 1230 4058 corpore
1242 3987 1274 4038 et
1285 3974 1374 4058 quod
1388 3994 1456 4038 non
1469 3976 1510 4038 sit
1523 3975 1632 4059 aliqua
1647 3974 1752 4040 forma

416 4080 603 4157 materialis,
632 4080 747 4164 probat
773 4081 813 4145 de
838 4081 1024 4145 substancia
1052 4083 1162 4146 anime
1189 4081 1384 4145 intellectiue
1411 4083 1495 4146 sicut
1522 4082 1561 4146 de
1592 4083 1750 4166 potencia.

416 4188 492 4252 Non
508 4189 605 4272 igitur
619 4189 772 4272 ponenda
788 4190 935 4272 potencia
949 4192 974 4232 1⁰
989 4202 1166 4272 separatae
1183 4190 1316 4253 materia
1330 4202 1361 4253 et
1374 4209 1507 4273 corpore
1521 4203 1552 4253 et
1566 4191 1752 4253 substancia
1781 4207 1813 4250 30

417 4296 450 4358 in
473 4296 610 4360 essendo
628 4297 730 4361 vnita.
755 4295 826 4360 Hoc
847 4310 954 4360 autem
978 4310 1110 4380 apparet
1130 4297 1348 4361 consideranti
1372 4298 1534 4361 racionem
1561 4297 1750 4381 Philosophi

416 4422 479 4487 que
494 4403 566 4468 talis
585 4418 655 4468 est:
678 4402 862 4468 Intellectus
883 4417 991 4468 noster
1011 4404 1108 4468 habet
1125 4404 1302 4487 intelligere
1322 4405 1435 4469 omnia
1455 4405 1633 4469 materialia
1654 4406 1753 4469 susci·

417 4510 537 4594 piendo
555 4530 666 4575 eorum
688 4512 819 4596 species.
837 4511 899 4575 Sed
920 4524 1105 4594 susceptum
1126 4512 1329 4576 denudatum
1350 4524 1398 4575 est
1417 4513 1451 4574 in
1471 4513 1612 4576 essencia
1634 4532 1692 4576 sua
1711 4513 1752 4575 ab

417 4618 559 4703 hiisque
574 4619 718 4702 suscipit.
741 4618 926 4682 Intellectus
945 4619 1043 4703 igitur
1058 4638 1124 4682 non
1140 4631 1187 4682 est
1206 4618 1316 4703 aliqua
1331 4618 1437 4683 forma
1453 4619 1638 4683 materialis.
1658 4619 1753 4684 Vnde

416 4726 499 4790 sicut
524 4746 639 4790 sensus
666 4725 766 4789 nichil
790 4738 837 4790 est
859 4739 932 4790 actu
957 4746 1091 4790 suorum
1117 4725 1323 4790 sensibilium
1349 4740 1524 4811 antequam
1551 4727 1682 4801 senciat,
1708 4728 1753 4789 sic
1781 4744 1812 4787 3⁵

498 4984 584 5041 ¹P—
599 4986 856 5060 r.¹V=corpore
872 4998 900 5043 et
918 4987 1047 5043 materia.
1059 5019 1092 5028 -
1108 4986 1196 5043 ⁸P-
1214 5004 1236 5043 1.
1252 5018 1287 5030 -
1300 4989 1312 5021 ⁴
1326 4989 1396 5043 P:
1410 4987 1475 5043 nisi.
1488 5019 1521 5027 —
1533 4987 1545 5021 ⁸
1558 4987 1582 5041 V
1596 5010 1632 5037 =
1646 5004 1750 5061 neque.

417 5106 452 5116 —
474 5074 487 5109 ⁸
509 5075 733 5148 V=proderit.
754 5108 789 5119 —
813 5076 824 5112 ¹
847 5077 924 5129 V-
947 5093 969 5132 r.
987 5108 1021 5118 —
1044 5078 1056 5111 ⁸
1076 5079 1147 5133 P:
1164 5077 1262 5133 anime
1289 5089 1317 5134 et
1343 5076 1471 5134 materie.
1495 5108 1530 5118 -
1552 5076 1565 5110 ⁹
1587 5079 1655 5134 P-
1673 5094 1699 5149 4.
1717 5108 1752 5120 —

420 5164 442 5197 ¹⁰
457 5165 481 5218 V
497 5188 534 5214 =
551 5164 729 5222 substancia.
