4882 6546
1659 875 1741 934 ciui

407 1044 438 1125 la
460 1079 591 1146 preuve
614 1042 799 1127 manifeste
822 1059 870 1127 du
900 1046 972 1127 roie
995 1046 1075 1148 joui
1102 1080 1166 1147 par
1187 1046 1236 1126 les
1256 1060 1428 1127 exercices
1451 1060 1493 1126 de
1517 1059 1742 1148 sophistique

405 1175 496 1242 dans
520 1174 568 1242 les
588 1174 701 1242 ecoles
721 1176 830 1242 d’arts
849 1176 891 1242 de
913 1176 1012 1242 Paris
1034 1181 1057 1241 1.

496 1292 561 1358 Les
592 1293 837 1380 impossibilia
865 1294 908 1359 de
936 1292 1036 1380 Siger
1063 1293 1105 1359 de
1136 1294 1289 1359 Brabant
1320 1313 1363 1359 ne
1394 1305 1476 1359 sont
1504 1305 1604 1359 autre
1634 1292 1741 1360 chose

406 1407 540 1494 qu’une
561 1408 649 1475 serie
670 1409 713 1475 de
735 1409 936 1496 sophismes
959 1409 1128 1496 proposes
1150 1422 1184 1475 et
1205 1408 1341 1476 rosolus
1362 1429 1426 1496 par
1448 1408 1478 1474 le
1503 1410 1629 1475 maitre
1650 1408 1740 1474 dans

406 1543 476 1589 une
500 1523 638 1611 dispute
664 1524 847 1612 publique.
873 1526 929 1591 On
954 1546 974 1592 a
996 1525 1097 1612 peine
1118 1525 1138 1591 ὲ
1158 1524 1347 1592 concevoir
1370 1539 1555 1592 comment
1576 1544 1624 1590 on
1647 1544 1667 1589 a
1692 1544 1738 1610 pu

404 1660 428 1727 y
458 1639 535 1706 vois
565 1654 664 1708 autre
694 1641 814 1707 chose.
849 1641 1157 1728 L'interpretation
1189 1640 1328 1707 donnee
1358 1641 1378 1707 ὲ
1408 1661 1464 1707 ces
1495 1639 1668 1708 exercices
1699 1640 1741 1706 de

405 1755 628 1844 sophistique
653 1778 716 1844 par
739 1757 905 1823 Haureau
927 1772 961 1824 et
983 1758 1181 1824 Baeumker
1203 1777 1246 1823 ne
1271 1777 1392 1843 repose
1414 1777 1476 1824 sur
1496 1776 1637 1823 aucune
1658 1757 1740 1822 base

405 1872 528 1938 solide.
558 1873 607 1939 La
635 1873 830 1961 principale
860 1874 978 1940 raison
1005 1873 1172 1961 alleguee‚
1202 1893 1293 1939 nous
1317 1873 1453 1940 l'avons
1474 1873 1525 1940 dit
1546 1872 1636 1959 deii,
1658 1872 1742 1939 c’est

404 2009 474 2075 que
496 1989 545 2054 les
568 2010 674 2056 noms
697 1988 856 2055 d'hlbert
876 1989 906 2056 le
930 1989 1051 2056 Grand
1073 2005 1107 2056 et
1123 1990 1165 2055 de
1181 1988 1344 2056 Thomas
1361 1989 1518 2076 d'Aquin
1540 1988 1635 2055 etant
1656 1986 1741 2056 cites

404 2106 494 2173 dans
516 2105 565 2172 les
587 2105 776 2186 solutions,
799 2105 950 2172 celles-ci
974 2106 1074 2172 n’ont
1094 2126 1142 2193 pu
1164 2106 1235 2172 etse
1259 2104 1464 2192 composees
1486 2105 1533 2171 du
1556 2104 1678 2171 vivant
1698 2103 1740 2169 de

404 2242 460 2288 ces
486 2224 642 2288 maitres.
669 2221 760 2288 Mais
786 2242 877 2288 nous
902 2220 1037 2288 l'avons
1062 2244 1123 2301 vu,
1148 2243 1194 2288 on
1221 2221 1318 2288 citait
1344 2233 1596 2288 couramment
1618 2219 1742 2286 Albert

404 2351 437 2404 et
463 2337 626 2404 Thomas
653 2351 761 2404 avant
789 2337 865 2404 leur
892 2352 999 2417 mort,
1028 2351 1061 2404 et
1089 2336 1190 2426 Siger
1216 2358 1308 2404 nous
1335 2357 1378 2403 en
1408 2338 1527 2404 donne
1556 2335 1741 2403 lui-meme

496 2639 1739 2712 ¹messmmfflmoefflwhfflmmwmmmmmmwmhi

404 2746 442 2785 on
458 2728 521 2784 doit
537 2729 659 2800 signaler
675 2731 715 2784 ies
731 2730 922 2801 Sophismata
938 2729 1075 2801 indiques
1091 2745 1141 2801 par
1157 2729 1181 2784 le
1197 2728 1300 2784 Chart.
1321 2728 1407 2784 Univ.
1425 2728 1536 2794 Poris„
1553 2728 1590 2795 ΙΙ,
1607 2745 1635 2801 p.
1651 2728 1695 2795 65,
1713 2740 1741 2784 et

403 2817 1739 2889 mmmswwmhmmmaemshmfflmaewvmwuststfflwmw

405 2907 633 2963 chartularium
654 2908 860 2965 mentionnent
878 2910 902 2963 ie
920 2908 1071 2980 sophisme
1089 2908 1125 2963 de
1144 2908 1238 2963 Pierre
1252 2907 1444 2978 d’Auvergne,
1463 2907 1567 2963 Omnis
1574 2908 1668 2978 fenix
1686 2915 1739 2973 est,

404 2997 549 3069 plusieurs
567 3009 664 3053 autres
682 2997 719 3052 de
739 2997 832 3053 Pierre
849 2997 885 3052 de
903 2997 1012 3054 Sancto
1032 2998 1149 3065 Amore,
1166 3008 1194 3052 et
1211 3013 1252 3053 un
1271 2996 1307 3051 de
1325 2996 1405 3067 Siger
1422 2996 1458 3051 de
1478 2996 1614 3064 Brabant,
1637 2996 1742 3052 Omnis

404 3085 490 3142 homo
504 3086 541 3141 de
557 3087 731 3142 necessitate
745 3094 787 3142 est
801 3086 926 3141 animal.

493 3176 532 3230 Le
548 3192 603 3231 ms.
615 3176 651 3231 de
665 3177 691 3230 ia
706 3175 918 3232 Laurentienne
931 3176 967 3231 de
981 3176 1128 3242 Florence‚
1143 3177 1169 3231 3.
1184 3175 1246 3230 Sin.
1259 3192 1308 3243 xu,
1323 3174 1454 3231 contient
1468 3191 1525 3231 une
1539 3174 1609 3230 serie
1622 3174 1658 3230 de
1670 3175 1745 3231 neut‘

403 3264 501 3320 traites
516 3281 566 3333 sur
580 3265 747 3321 l’ensemble
761 3265 797 3320 de
811 3267 836 3320 ia
851 3266 977 3337 iogique,
994 3266 1046 3337 qui
1061 3265 1221 3337 paruissent
1234 3266 1293 3321 etre
1306 3277 1374 3322 tous
1389 3264 1425 3320 de
1440 3264 1532 3320 Pierre
1545 3264 1738 3336 d’Auvergne.

406 3353 1741 3427 Hmmwmfflmmfflhwfflmwmmmmmwfflfflmwwt

404 3442 551 3514 iindph:

494 3533 516 3588 1.
539 3533 664 3589 Boeotus
677 3550 714 3588 ue
728 3534 821 3590 Ducut
837 3549 843 3588 ε
865 3532 969 3588 Omnis
982 3532 1068 3588 homo
1084 3532 1120 3587 de
1139 3532 1313 3588 necessitate
1326 3539 1370 3586 est
1382 3531 1508 3587 animal.
1527 3531 1573 3586 On
1588 3531 1739 3587 observem

404 3638 461 3692 que
475 3623 545 3677 c’est
561 3624 585 3677 le
601 3623 695 3677 meme
714 3623 865 3695 sophisme
879 3639 937 3694 que
952 3623 1026 3678 celui
1042 3623 1094 3694 qui
1112 3634 1155 3678 est
1174 3622 1300 3677 attribue
1313 3623 1330 3675 ὲ
1343 3620 1424 3691 Siger
1437 3620 1473 3676 de
1487 3621 1614 3676 Brahent
1627 3621 1700 3676 dans
1716 3622 1740 3676 le

404 3711 1310 3784 memuwummummmumoemfflme

494 3800 529 3855 ll.
554 3801 664 3856 Psr'eus
678 3818 715 3856 us
728 3802 876 3857 Auvshuu
892 3817 898 3856 :
916 3800 1012 3856 Homo
1028 3808 1071 3856 est
1083 3801 1204 3873 species.

494 3888 544 3943 111.
569 3889 648 3944 idem
665 3905 671 3944 :
686 3891 796 3945 Album
808 3898 906 3962 potest
921 3907 983 3945 esse
998 3890 1131 3963 nigrum.

494 3979 540 4034 IV.
565 3979 644 4034 idem
660 3994 666 4033 z
684 3979 811 4034 Animal
823 3987 865 4034 est
879 3979 977 4035 omnis
990 3978 1087 4036 homo.

491 4066 1732 4139 Wmmmmmfhmaemwmwmmmmmwmmmmhm

403 4155 602 4213 Arduv.Vat

491 4245 1315 4302 thmwfflmmmoemmmmaemmm

491 4335 553 4389 Vii.
578 4335 658 4391 idem
674 4351 680 4390 :
698 4336 838 4391 Socrates
852 4335 965 4390 desinit
978 4353 1038 4391 esse
1053 4352 1111 4391 non
1128 4335 1290 4391 desinendo
1305 4352 1375 4391 esse.

491 4424 569 4478 Vlll.
593 4425 694 4480 idem:
716 4425 847 4480 Tantum
865 4441 957 4480 unum
972 4432 1024 4479 est.

492 4512 541 4567 IX.
565 4513 661 4569 Bouus
681 4514 800 4569 Decus:
820 4513 1058 4587 Syllogisantem
1075 4513 1246 4586 ponendum
1266 4520 1309 4568 est
1327 4512 1504 4568 terminos...
1526 4513 1546 4567 ΙΙ
1565 4513 1647 4585 s‘agit
1664 4513 1738 4569 vrai-

402 4601 646 4658 semblablement
659 4603 695 4659 de
710 4604 800 4659 Boece
815 4603 852 4658 de
866 4603 962 4658 Decie.

490 4691 526 4745 X.
548 4692 691 4748 Auouruu
707 4709 713 4747 :
729 4693 826 4748 Albus
836 4692 940 4765 pedem
958 4700 1001 4747 est
1015 4693 1118 4748 aliam.

489 4778 541 4833 ΧΙ.
564 4780 732 4835 ΝιοΗοιΑυς
747 4798 784 4835 ue
801 4781 978 4837 Nossuuurtt
994 4797 1000 4837 :
1017 4781 1113 4836 Albus
1129 4782 1259 4837 musicus
1273 4788 1325 4836 est.

489 4868 556 4923 Xll.
579 4870 689 4924 Pursus
704 4886 740 4924 oe
753 4870 902 4925 Acvueuts
917 4886 923 4925 :
942 4870 1046 4926 Omnis
1060 4869 1147 4926 homo
1163 4878 1206 4925 est
1218 4870 1316 4925 omnis
1330 4869 1427 4925 homo.

489 4956 572 5012 Xlil.
593 4958 742 5014 Mhotsres
763 4960 900 5015 Perseus:
926 4959 1136 5015 omnishomo
1158 4966 1210 5014 est.
1234 4960 1255 5014 ΙΙ
1277 4959 1359 5030 s’egit
1378 4959 1681 5015 vraisernblabiement
1701 4959 1737 5015 de

400 5045 494 5102 Pierre
509 5046 691 5119 d’Auvergne
704 5064 743 5104 ou
758 5047 795 5103 de
810 5049 904 5104 Pierre
921 5048 957 5104 de
975 5048 1185 5105 saint-Amour
1203 5049 1374 5105 mentionne
1392 5047 1466 5105 dans
1486 5049 1525 5105 les
1544 5048 1736 5120 Sophismata

400 5133 440 5189 du
458 5150 513 5191 ms.
531 5136 646 5192 Archiv.
666 5136 756 5193 Vatic.

1599 5251 1630 5291 10
