4872 6552
992 894 1198 967 —6l-

422 1108 527 1175 genus
541 1111 731 1177 quanquam
752 1092 849 1157 addat
869 1093 1041 1169 rationem,
1058 1110 1125 1156 non
1145 1104 1255 1156 tamen
1277 1106 1441 1168 naturam,
1456 1104 1487 1155 et
1503 1092 1636 1156 materia
1656 1092 1762 1175 prima

425 1217 491 1263 non
508 1200 570 1263 sub
585 1200 694 1284 aliqua
711 1198 816 1263 forma
833 1199 1060 1263 immediatum
1077 1200 1259 1263 subiectum
1275 1200 1503 1282 generationis.

504 1306 609 1370 Radix
624 1321 733 1371 autem
755 1307 854 1370 huius
875 1307 1046 1390 positionis
1061 1321 1118 1382 est,
1134 1307 1211 1390 quia
1228 1305 1308 1369 illud
1323 1305 1412 1389 quod
1428 1320 1475 1369 est
1491 1307 1616 1369 ratione
1630 1305 1763 1369 distinc-

423 1426 507 1487 tum,
534 1413 675 1477 creditur
699 1415 731 1476 in
758 1414 896 1477 essendo
923 1414 1040 1477 babere
1064 1414 1329 1490 distinctionem3
1357 1426 1486 1477 etcum
1514 1413 1620 1477 forma
1646 1414 1761 1496 speciei

424 1521 547 1584 ratione
567 1534 597 1583 et
612 1520 810 1584 diffinitione
824 1540 863 1584 ex
878 1521 1028 1604 pluribus
1043 1519 1078 1584 fit
1092 1521 1285 1603 composita,
1298 1519 1476 1583 creduntur
1491 1521 1550 1584 ista
1570 1540 1638 1584 esse
1658 1536 1762 1604 partes
1792 1537 1805 1581 5

424 1628 516 1690 inre.
539 1626 611 1690 Hoc
629 1641 737 1691 autem
759 1647 825 1691 non
846 1641 973 1711 oportet
991 1647 1029 1691 eo
1048 1626 1136 1711 quod
1152 1628 1250 1690 vnius
1270 1628 1313 1690 rei
1334 1647 1389 1690 seu
1410 1627 1515 1691 forme
1538 1643 1675 1710 possunt
1694 1647 1762 1692 esse

423 1734 530 1817 plures
546 1734 726 1799 intellectus
740 1753 882 1818 quorum
900 1733 1012 1797 nullus
1033 1733 1191 1817 perfectus
1205 1747 1253 1797 est
1267 1752 1322 1797 seu
1339 1733 1511 1798 diffinitus,
1535 1734 1592 1798 llle
1610 1736 1698 1798 enim
1714 1748 1762 1798 est

422 1860 520 1917 vnu5‚
545 1855 575 1905 ct
599 1855 647 1905 est
671 1861 756 1904 vnus
781 1839 913 1904 illorum
940 1841 1164 1904 intellectuum
1193 1839 1297 1904 sorme
1324 1843 1426 1924 magis
1452 1843 1652 1917 communis,
1678 1841 1762 1904 alius

423 1949 526 2031 magis
550 1948 709 2031 proprius.
737 1946 808 2011 Hoc
831 1962 939 2011 autem
966 1947 1038 2010 ideo
1062 1947 1177 2010 accidit
1198 1948 1275 2031 quia
1296 1949 1454 2031 quicquid
1477 1948 1627 2032 intelligit
1649 1949 1761 2011 anima

422 2053 572 2139 intelligit
600 2056 633 2117 in
664 2054 927 2130 fantasmatibus,
955 2068 1084 2138 propter
1109 2054 1197 2138 quod
1228 2054 1408 2118 intellectus
1435 2056 1478 2119 rei
1507 2058 1539 2118 in
1568 2055 1761 2120 fantasmate
1794 2084 1823 2116 lo

420 2162 485 2226 alio
506 2177 537 2226 et
557 2163 634 2238 alio,
656 2176 704 2226 est
726 2161 811 2226 alius
832 2176 863 2226 et
883 2161 978 2225 alius.
1003 2161 1100 2225 Vnde
1121 2181 1196 2225 cum
1220 2181 1259 2225 ex
1281 2161 1385 2226 forma
1407 2165 1482 2247 equi
1504 2176 1656 2247 appareat
1677 2181 1760 2246 opus

423 2268 586 2333 nutriendi
603 2283 633 2332 et
648 2269 825 2346 senciendi‚
846 2269 930 2333 alius
949 2283 996 2332 est
1016 2267 1197 2333 intellectus
1217 2269 1315 2332 huius
1332 2272 1343 2312 1
1363 2268 1467 2333 forme
1483 2272 1516 2332 in
1534 2270 1595 2333 hoc
1609 2284 1639 2334 et
1654 2271 1686 2332 in
1705 2269 1761 2333 illo

422 2375 626 2441 fantasmate.
654 2376 848 2460 intelligitur
869 2378 957 2440 enim
981 2377 1042 2440 sub
1065 2377 1189 2440 ratione
1211 2378 1380 2460 vegetatiui
1404 2390 1436 2440 et
1455 2377 1599 2459 corporis
1623 2377 1760 2439 animati

422 2485 454 2545 in
471 2498 633 2567 quantum
656 2485 769 2560 nutrit,
784 2497 815 2548 et
830 2485 892 2548 sub
908 2484 1032 2548 ratione
1050 2483 1204 2547 animalis
1220 2485 1253 2546 in
1269 2497 1431 2566 quantum
1448 2485 1555 2547 sentit.
1573 2482 1670 2546 Vnde
1690 2483 1762 2548 licet

421 2589 527 2655 forma
549 2592 675 2675 generis
696 2592 738 2655 sit
760 2593 883 2655 ratione
904 2592 1062 2655 abstracta
1084 2605 1114 2654 et
1135 2591 1197 2654 sub
1219 2592 1342 2654 ratione
1364 2591 1518 2653 animalis
1541 2592 1575 2653 in
1597 2604 1758 2674 quantum
1793 2607 1822 2651 15

422 2699 518 2761 sentit
529 2719 537 2773 ;
554 2699 641 2761 vnde
660 2698 734 2762 licet
754 2697 859 2762 forma
877 2699 1003 2781 generis
1023 2698 1065 2761 sit
1083 2699 1208 2762 ratione
1226 2698 1384 2761 abstracta
1398 2697 1440 2760 ab
1455 2711 1591 2781 utraque
1610 2696 1761 2760 differen-

420 2806 565 2883 ciarum3
586 2806 672 2869 vnde
693 2825 814 2870 nomen
834 2807 961 2890 generis
985 2825 1051 2869 non
1075 2804 1235 2889 significat
1253 2804 1386 2868 alteram
1410 2806 1589 2888 specierum
1610 2803 1760 2868 determi-

421 2927 494 2976 nate
522 2926 553 2975 et
581 2927 754 2997 utramque
781 2915 901 2988 eciam,
932 2932 991 2976 nec
1019 2913 1150 2976 terciam
1181 2926 1330 2975 naturam
1360 2912 1402 2975 ab
1429 2913 1487 2987 eis,
1515 2910 1569 2974 sed
1599 2909 1760 2993 significat

422 3019 669 3084 indeterminate
690 3034 720 3084 et
742 3021 803 3084 sub
828 3022 952 3084 ratione
975 3021 1146 3084 communi
1172 3033 1343 3101 utramque
1367 3019 1559 3101 specierum.
1585 3018 1647 3081 Res
1669 3019 1757 3082 enim

420 3125 645 3209 significantur
670 3145 736 3189 non
764 3127 870 3189 solum
899 3140 934 3189 ut
958 3139 1047 3203 sunt,
1073 3125 1128 3189 sed
1153 3140 1189 3190 ut
1213 3125 1449 3207 intelliguntur.
1475 3123 1646 3207 Contingit
1669 3125 1757 3187 enim
1789 3153 1821 3185 πο

419 3231 601 3315 significare
615 3232 704 3315 quod
719 3234 792 3315 quis
813 3233 973 3316 intelligit.
991 3233 1076 3297 Cum
1099 3233 1196 3317 igitur
1210 3233 1377 3315 contingat
1392 3231 1513 3315 species
1533 3230 1651 3294 habere
1666 3229 1759 3294 intel·

421 3338 538 3402 lectum
568 3359 780 3403 communem
808 3344 821 3383 ²
849 3354 879 3404 et
906 3341 1072 3422 continget
1099 3341 1201 3404 eciam
1231 3358 1284 3402 eas
1312 3338 1504 3421 significare,
1531 3352 1562 3401 et
1587 3337 1759 3401 communi

420 3447 544 3510 ratione
568 3446 805 3530 significantur.

502 3552 597 3617 Vnde
608 3572 647 3616 ex
659 3552 771 3617 eadem
785 3553 891 3617 radice
903 3553 1067 3637 pululauit
1080 3555 1194 3637 opinio
1210 3553 1350 3637 platonis
1362 3552 1402 3616 de
1416 3553 1576 3634 positione
1588 3552 1757 3636 ydearum‚

419 3673 450 3723 et
467 3661 581 3743 opinio
601 3680 726 3742 ponens
742 3662 775 3722 in
792 3660 896 3724 forma
916 3662 1031 3744 speciei
1054 3661 1161 3745 plures
1181 3675 1297 3744 partes.
1321 3660 1541 3724 Considerans
1560 3662 1648 3723 enim
1672 3658 1759 3742 plato
1789 3676 1819 3719 25

419 3766 508 3848 quod
522 3786 625 3849 genus
640 3781 686 3831 est
701 3767 898 3830 abstractum
915 3769 1039 3831 ratione
1051 3768 1092 3831 ab
1105 3782 1241 3850 utraque
1256 3767 1435 3850 specierum
1451 3780 1482 3830 et
1494 3766 1756 3830 differenciarum

419 3874 548 3956 speciei,
563 3872 699 3937 credidit
713 3873 800 3956 quod
821 3888 902 3938 esset
921 3875 1117 3938 abstractum
1141 3876 1173 3938 in
1194 3894 1274 3950 esse,
1293 3893 1346 3958 per
1361 3893 1393 3937 se
1409 3875 1590 3938 subsistens
1610 3876 1680 3937 sine
1699 3874 1756 3936 eis.

420 3978 473 4042 lsti
502 3997 579 4041 uero
604 3976 846 4042 considerantes
870 3979 958 4062 quod
983 3999 1086 4063 genus
1112 3993 1159 4043 est
1182 3981 1379 4044 abstractum
1408 3981 1532 4044 ratione
1556 3981 1598 4044 ab
1622 3994 1757 4065 utraque

418 4084 679 4149 differenciarum
703 4084 907 4149 crediderunt
929 4085 1016 4168 quod
1037 4106 1140 4170 genus
1161 4101 1244 4151 esset
1267 4101 1381 4151 natura
1402 4101 1433 4151 et
1455 4087 1573 4164 forma,
1593 4087 1692 4151 altera
1716 4089 1757 4152 ab

418 4205 555 4276 utraque
568 4192 844 4270 differenciarum‚
862 4193 934 4256 licet
954 4193 1059 4257 forma
1078 4195 1205 4277 generis
1219 4208 1250 4258 et
1270 4193 1376 4258 forma
1391 4194 1576 4258 differencie
1592 4196 1625 4257 in
1641 4195 1753 4259 eadem
1787 4210 1819 4254 30

418 4302 551 4363 materia
573 4302 638 4363 sint
659 4300 747 4364 vnite
761 4303 785 4363 ⁸.
810 4299 873 4363 Sed
896 4300 991 4384 longe
1014 4301 1131 4364 melius
1154 4302 1262 4383 posuit
1284 4302 1381 4384 plato.
1407 4301 1454 4364 Ex
1477 4302 1538 4365 hoc
1556 4302 1644 4365 enim
1666 4302 1755 4386 quod

416 4426 519 4489 genus
535 4407 643 4488 posuit
662 4407 878 4471 substantiam
896 4408 928 4468 in
945 4421 1017 4470 actu
1033 4421 1064 4470 et
1078 4407 1264 4471 distinctam
1280 4409 1322 4472 ab
1337 4423 1473 4492 utraque
1488 4408 1751 4473 differenciarum

416 4526 448 4576 et
465 4512 669 4577 differendas
690 4514 797 4597 posuit
817 4514 1020 4578 substancias
1041 4534 1106 4578 non
1127 4514 1341 4579 accidentales
1361 4515 1482 4579 formas
1494 4537 1502 4593 3
1524 4518 1757 4580 conuenienter

417 4640 477 4684 suo
503 4620 718 4686 fundamento
744 4623 897 4705 opinatus
920 4635 967 4685 est
990 4621 1124 4704 quando
1148 4642 1252 4705 genus
1277 4637 1420 4705 separate
1448 4624 1555 4706 posuit
1581 4625 1714 4687 existere
1738 4644 1755 4686 a

417 4728 583 4810 speciebus
597 4742 627 4791 et
642 4728 837 4791 differenciis
857 4730 1049 4811 specierum.
1068 4728 1118 4791 llli
1135 4748 1212 4792 uero
1229 4743 1385 4811 ponentes
1399 4750 1502 4811 genus
1517 4750 1584 4794 esse
1605 4730 1756 4793 substan·
1785 4746 1816 4790 35

416 4835 499 4896 ciam
514 4833 647 4897 alteram
664 4836 704 4899 ab
721 4850 855 4918 utraque
867 4835 1142 4911 differenciarum,
1156 4835 1355 4900 differentias
1371 4851 1528 4920 ponentes
1543 4837 1753 4913 substantias,

501 5076 509 5107 ¹
528 5076 573 5131 Ms
589 5078 620 5144 -Ι-
636 5076 734 5132 huius.
756 5108 790 5116 -
810 5076 821 5108 ¹
841 5077 886 5132 llis
904 5079 939 5147 -1-
957 5090 984 5133 et
1002 5078 1152 5150 continget
1170 5078 1261 5134 eciam
1283 5095 1330 5134 eas
1353 5079 1456 5134 habere
1478 5078 1658 5135 intellectum
1674 5095 1755 5134 com-

419 5179 550 5219 munem.
573 5197 604 5204 -
625 5166 636 5197 ⁸
656 5165 701 5220 lls
714 5192 749 5211 =
764 5166 852 5221 vnita.
