4872 6552
989 900 1194 971 -ae-

425 1073 564 1161 perfecto
586 1075 737 1160 procedat
755 1075 796 1138 ad
817 1075 1004 1158 perfectum,
1022 1089 1057 1138 ut
1076 1074 1197 1138 scilicet
1217 1074 1257 1138 de
1278 1075 1424 1157 potencia
1444 1075 1483 1137 ad
1508 1075 1614 1157 ipsum
1636 1088 1756 1139 actum.

425 1185 481 1247 Est
494 1185 596 1247 eciam
612 1185 710 1247 tercio
725 1195 815 1246 actus
831 1184 918 1265 prior
934 1183 1081 1265 potencia
1098 1181 1292 1265 perfectione
1310 1194 1342 1245 et
1361 1181 1558 1257 substancia,
1575 1182 1756 1245 secundum

424 1291 512 1374 quod
529 1293 597 1373 ipsa
612 1291 859 1354 considerantur
874 1290 908 1351 in
924 1290 1072 1353 diuersis.
1095 1289 1179 1352 Sunt
1198 1290 1287 1352 enim
1309 1290 1416 1372 priora
1430 1290 1620 1371 corporibus
1641 1290 1760 1372 sempi-

424 1410 515 1461 terna
540 1399 726 1462 substancia
752 1411 782 1461 et
808 1396 1016 1480 perfectione,
1044 1396 1145 1460 nichil
1171 1409 1281 1459 autem
1310 1398 1546 1479 sempiternum
1576 1396 1757 1459 secundum

424 1505 512 1588 quod
527 1505 589 1569 tale
604 1518 652 1568 est
666 1507 699 1568 in
717 1505 876 1588 potencia,
893 1504 947 1568 sed
967 1504 1157 1587 corporibus
1174 1517 1221 1567 εει
1240 1504 1384 1567 admixta
1405 1504 1563 1587 potencia.
1580 1503 1643 1567 Sed
1665 1523 1731 1567 non
1748 1506 1759 1545 ¹
1789 1517 1802 1560 5

424 1612 486 1676 hoc
501 1627 547 1676 est
562 1612 713 1677 dubium.

503 1827 658 1908 Queritur
678 1840 789 1892 vtrum
817 1840 907 1892 actus
935 1825 1111 1890 duracione
1131 1826 1182 1892 vel
1211 1839 1357 1909 tempore
1385 1826 1532 1909 precedat
1561 1828 1758 1909 potenciam,

423 1948 480 2000 aut
494 1937 642 2019 potencia
659 1935 768 2018 ipsum
784 1948 906 1998 actum.

505 2043 544 2107 Et
569 2042 697 2107 videtur
725 2042 813 2126 quod
842 2055 932 2105 actus
960 2044 1142 2125 potenciam
1174 2056 1319 2125 tempore
1348 2061 1414 2105 non
1444 2041 1602 2124 precedat,
1618 2042 1695 2124 quia
1724 2042 1757 2103 in

424 2152 629 2233 sempiternis
655 2170 758 2214 vnum
786 2162 930 2232 tempore
957 2150 1008 2212 uel
1036 2150 1103 2233 [75,
1128 2150 1190 2213 col.
1215 2150 1260 2232 a]
1286 2149 1463 2213 duracione
1493 2169 1560 2212 non
1592 2162 1638 2212 est
1670 2150 1759 2231 prius
1791 2174 1820 2205 ιο

423 2257 533 2321 altero.
555 2257 616 2321 Sed
638 2278 713 2321 cum
734 2270 824 2321 actus
842 2257 982 2320 alicuius
1001 2258 1115 2340 speciei
1132 2271 1162 2320 et
1177 2258 1324 2340 potencia
1340 2257 1380 2320 ad
1401 2257 1494 2320 illum
1516 2268 1624 2320 actum
1646 2246 1759 2319 secun'-

423 2365 502 2427 dum
524 2366 663 2448 speciem
684 2364 931 2429 considerantur
945 2369 969 2441 ²,
989 2379 1165 2448 Vtrumque
1183 2366 1419 2448 sempiternum
1441 2376 1498 2428 est.
1520 2364 1654 2447 Semper
1669 2365 1756 2427 enim

423 2487 470 2536 est
490 2472 590 2536 homo
612 2474 646 2535 in
668 2486 754 2549 actu,
777 2473 958 2536 secundum
984 2471 1207 2555 philosophos
1228 2485 1258 2536 et
1280 2492 1407 2555 semper
1425 2492 1493 2536 esse
1515 2484 1629 2555 potest.
1650 2471 1759 2544 Quare

423 2593 514 2643 actus
529 2580 709 2643 secundum
726 2581 864 2662 speciem
881 2591 1041 2662 acceptus,
1059 2582 1241 2662 potenciam
1263 2592 1407 2662 tempore
1422 2599 1488 2642 non
1506 2579 1656 2662 precedit.

505 2687 686 2763 Preterea³,
704 2688 736 2749 in
763 2688 826 2781 lriis
851 2688 883 2749 in
909 2686 1030 2770 quibus
1050 2699 1098 2751 est
1120 2689 1262 2770 accipere
1284 2681 1387 2750 vnum
1414 2707 1452 2750 ex
1475 2686 1540 2750 alio
1562 2686 1759 2749 circulariter
1790 2699 1819 2743 ιε

424 2793 591 2857 infinitum
618 2815 684 2858 non
709 2794 866 2878 estquod
892 2795 981 2877 prius
1005 2796 1046 2858 sit
1068 2808 1224 2878 tempore.
1249 2794 1312 2857 Sed
1337 2813 1465 2877 sperma
1489 2807 1536 2858 est
1559 2814 1597 2856 ex
1623 2793 1758 2856 homine

423 2916 453 2965 ει
484 2902 585 2965 homo
613 2915 660 2966 est
689 2922 728 2966 ex
758 2915 917 2986 spermate
948 2903 981 2964 in
1014 2902 1194 2979 infinitum,
1220 2902 1401 2965 secundum
1433 2901 1659 2985 philosophos,
1681 2902 1758 2984 quia

423 3010 457 3072 in
491 3009 555 3072 hiis
587 3030 653 3073 non
683 3024 729 3074 est
758 3011 896 3074 alterum
925 3010 1026 3074 altero
1053 3024 1198 3093 tempore
1227 3011 1327 3092 prius.
1356 3009 1446 3073 Sicut
1476 3010 1565 3073 enim
1598 3022 1758 3092 spermate

422 3136 461 3180 ex
478 3116 489 3201 ζ
491 3136 557 3201 quo
584 3117 685 3181 homo
707 3130 878 3201 generatur
900 3132 947 3182 est
974 3119 1054 3181 alter
1077 3118 1179 3181 homo
1209 3136 1367 3199 generans
1396 3118 1497 3200 prius,
1522 3117 1568 3179 sic
1595 3130 1625 3180 et
1654 3117 1759 3179 homi-

422 3244 498 3288 nem
523 3240 744 3308 generantem,
766 3245 841 3289 cum
869 3238 899 3289 et
925 3227 994 3308 ipse
1016 3238 1187 3308 generatus
1211 3227 1264 3302 sit,
1287 3244 1415 3308 sperma
1438 3244 1476 3287 ex
1500 3244 1566 3307 quo
1588 3237 1759 3306 generatur
1787 3248 1819 3280 ιο

422 3332 562 3415 precedit
575 3335 600 3395 ⁴.

504 3439 659 3517 Preterea,
670 3440 751 3503 ordo
763 3453 810 3503 est
823 3440 912 3523 prius
924 3441 1038 3504 ordine
1049 3440 1283 3523 generacionis‚
1295 3459 1370 3503 cum
1381 3439 1549 3522 generacio
1559 3438 1599 3502 de
1612 3440 1758 3522 potencia

421 3546 462 3608 ad
477 3560 587 3610 actum
603 3547 764 3630 procedat,
780 3567 880 3630 quare
894 3560 923 3611 et
938 3547 1053 3611 ordine
1067 3549 1235 3631 temporis.

505 3653 648 3717 Preterea
668 3653 759 3717 nulla
781 3669 827 3717 est
848 3655 946 3731 raci0,
968 3668 1004 3718 ut
1026 3654 1166 3731 uidetur,
1187 3654 1275 3738 quod
1297 3667 1387 3717 actus
1409 3654 1592 3736 potenciam
1615 3667 1758 3735 tempore

422 3759 580 3843 precedat,
597 3761 659 3822 nisi
676 3759 739 3824 hoc
753 3760 842 3844 quod
859 3775 1013 3843 potestate
1027 3781 1085 3825 ens
1101 3761 1136 3824 fit
1150 3775 1223 3825 actu
1239 3782 1295 3845 per
1309 3761 1441 3845 aliquod
1457 3781 1555 3844 agens
1570 3781 1626 3824 sue
1641 3762 1756 3844 speciei
1787 3774 1818 3818 25

423 3867 564 3930 existens
588 3867 621 3929 in
649 3881 733 3931 actu.
759 3867 922 3948 Quamuis
946 3882 1055 3932 autem
1082 3888 1121 3932 ex
1144 3869 1206 3933 hoc
1229 3881 1382 3952 sequatur
1404 3867 1492 3951 quod
1518 3882 1609 3931 actus
1633 3870 1758 3952 agentis

422 3986 567 4056 tempore
594 3975 741 4057 precedat
768 3987 877 4038 actum
903 3990 934 4039 et
959 3975 1189 4060 perfectionem
1217 3977 1358 4059 generati
1385 3975 1426 4039 ab
1454 3975 1511 4038 illo
1536 3989 1661 4059 agente,
1690 3995 1757 4040 non

422 4092 532 4145 tamen
554 4101 593 4144 ex
614 4081 676 4145 hoc
697 4083 840 4146 accidere
863 4082 993 4147 uidetur
1013 4083 1102 4167 quod
1125 4097 1215 4148 actus
1238 4084 1422 4167 generantis
1443 4095 1588 4166 tempore
1612 4082 1759 4166 precedat

423 4186 455 4250 id
471 4188 559 4270 quod
574 4202 621 4252 est
636 4190 670 4250 in
687 4191 834 4272 potencia
849 4190 889 4253 ad
904 4204 1012 4253 actum
1029 4191 1183 4273 generati.
1200 4190 1267 4254 Nec
1281 4211 1319 4255 ex
1335 4190 1396 4254 hoc
1411 4192 1512 4255 eciam
1528 4203 1617 4254 actus
1633 4189 1758 4272 simpli-

422 4295 499 4358 citer
520 4309 664 4379 tempore
689 4298 870 4379 potenciam
894 4296 1070 4373 antecedet,
1093 4317 1282 4381 quanquam
1306 4312 1336 4361 et
1357 4298 1476 4381 aliquis
1498 4311 1589 4361 actus
1609 4297 1755 4381 aliquam
1786 4310 1818 4355 εο

422 4404 605 4485 potenciam
625 4404 666 4466 ad
689 4404 783 4467 illum
806 4417 914 4468 actum
939 4405 1105 4487 precedere
1125 4404 1282 4469 videatur.
1307 4405 1397 4469 Sicut
1419 4406 1507 4468 enim
1530 4424 1588 4468 ens
1610 4406 1756 4488 potencia

421 4511 486 4572 exit
507 4511 541 4572 in
564 4525 671 4574 actum
693 4530 749 4594 per
767 4511 891 4595 aliquid
915 4512 948 4573 in
971 4526 1043 4575 actu
1064 4530 1121 4574 sue
1141 4513 1269 4594 speciei,
1290 4514 1336 4576 sic
1354 4513 1456 4576 eciam
1476 4526 1507 4575 et
1525 4513 1665 4575 existens
1683 4525 1755 4576 actu

423 4617 456 4678 in
482 4616 537 4679 illa
561 4619 665 4700 specie
689 4632 878 4701 generatum
903 4631 950 4682 est
973 4638 1011 4682 ex
1033 4618 1145 4702 aliquo
1171 4620 1327 4682 existente
1352 4621 1385 4682 in
1410 4621 1557 4702 potencia
1581 4619 1622 4682 ad
1646 4630 1754 4681 actum

422 4722 511 4786 illius
536 4725 675 4807 speciei3
703 4726 747 4788 ita
772 4725 873 4809 quod,
890 4727 972 4790 sicut
998 4726 1121 4790 dictum
1148 4738 1206 4803 est,
1224 4728 1371 4809 potencia
1399 4726 1500 4790 homo
1529 4725 1564 4788 fit
1590 4725 1631 4788 ab
1655 4726 1757 4789 actu5

423 4828 570 4907 homine,
590 4833 636 4894 sic
657 4845 688 4895 et
708 4832 810 4896 homo
829 4852 988 4916 generans
1009 4846 1180 4917 generatur
1198 4852 1237 4897 ex
1259 4834 1357 4916 priori
1380 4846 1539 4916 spermate
1559 4846 1590 4895 et
1609 4832 1755 4915 potencia
1785 4848 1817 4891 35

503 5073 570 5129 ¹Ms
583 5100 619 5120 =
632 5074 724 5146 quod.
737 5106 771 5115 -
785 5074 851 5130 'Ms
861 5100 897 5120 =
907 5074 1099 5131 considerata.
1111 5107 1145 5116 —
1160 5075 1267 5131 ⁸Ms=
1275 5087 1435 5149 propterea.
1451 5106 1484 5116 -
1498 5075 1606 5130 ‘Msz
1615 5073 1754 5147 procedit.

421 5161 480 5202 —⁸
498 5162 544 5218 Ms
557 5163 592 5234 -Ι-
605 5163 642 5218 ab
655 5175 732 5220 actu.
