4892 6540
1269 880 1475 932 ...20³

705 1054 739 1119 in
765 1055 912 1139 quolibet
937 1058 1093 1140 ipsorum.
1121 1057 1311 1121 Secundum
1339 1059 1436 1141 igitur
1459 1059 1659 1141 posicionem
1688 1078 1755 1121 non
1781 1060 1928 1142 sequitur
1949 1056 2037 1142 quod

703 1183 790 1226 vnus
809 1165 990 1227 necessario
1010 1162 1192 1227 intellectus
1210 1164 1392 1228 secundum
1407 1185 1476 1228 esse
1489 1167 1532 1228 sit
1547 1166 1581 1227 in
1596 1166 1688 1228 omni
1704 1165 1841 1229 homine
1854 1166 1910 1229 sed
1926 1168 2039 1249 pocius

703 1271 883 1334 secundum
907 1291 976 1334 esse
999 1271 1206 1354 singulariter
1225 1271 1353 1335 differat
1377 1274 1411 1335 in
1432 1272 1579 1355 quolibet
1602 1273 1760 1354 ipsorum.
1784 1272 1903 1336 Vtrum
1927 1288 2036 1337 autem

704 1379 737 1440 in
757 1379 916 1442 omnibus
934 1379 1070 1442 orbibus
1087 1381 1154 1443 sint
1173 1379 1390 1462 intelligencie
1408 1378 1592 1443 differentes
1611 1379 1792 1441 secundum
1815 1380 2035 1444 substanciam

660 1498 674 1543 5
702 1487 807 1549 autin
822 1487 980 1549 omnibus
994 1488 1035 1549 sit
1050 1487 1163 1550 lumen
1185 1489 1289 1570 prime
1302 1506 1398 1550 cause
1416 1488 1580 1570 operantis
1593 1486 1634 1550 ad
1650 1486 1788 1550 modum
1809 1487 2036 1570 intelligentie,

701 1594 888 1659 differentes
903 1596 936 1657 in
953 1594 1017 1658 illis
1036 1594 1216 1658 secundum
1237 1615 1305 1658 esse
1318 1594 1407 1679 quod
1427 1594 1524 1658 habet
1539 1597 1573 1657 in
1589 1594 1654 1657 illis
1668 1596 1751 1658 sicut
1765 1594 1894 1658 ridetur
1907 1597 2037 1671 sentire,

701 1720 865 1784 auerroys,
881 1702 1026 1786 Alpem,
1041 1716 1114 1777 etc,
1129 1701 1170 1765 ad
1192 1722 1322 1785 presens
1342 1722 1408 1765 non
1428 1716 1475 1765 est
1493 1701 1670 1784 disputare,
1689 1703 1767 1785 quia
1785 1701 1942 1786 quicquid
1963 1703 2038 1765 isto

702 1829 775 1872 rum
797 1809 935 1884 dicatur,
959 1829 1087 1893 semper
1109 1809 1247 1873 habetur
1268 1810 1309 1873 de
1333 1811 1520 1873 necessitate
1542 1808 1631 1893 quod
1657 1829 1722 1873 non
1745 1829 1832 1872 unus
1856 1809 2037 1872 intellectus

702 1917 868 2000 possibilis
883 1937 1022 1980 numero
1036 1933 1084 1981 est
1099 1919 1133 1980 in
1148 1918 1305 1981 omnibus
1320 1917 1525 1991 hominibus,
1540 1932 1571 1980 et
1585 1916 1647 1979 hoc
1662 1916 1714 1979 hic
1729 1917 1943 1980 intendimus.

644 2051 673 2083 ιο
781 2026 966 2089 Auicebron
995 2040 1105 2089 autem
1136 2026 1169 2088 in
1199 2025 1283 2089 libro
1310 2044 1409 2108 quem
1439 2024 1562 2088 fontem
1593 2026 1658 2089 vite
1684 2025 1860 2108 appellauit
1892 2025 1956 2089 alia
1983 2027 2036 2089 via

702 2134 867 2216 processit,
888 2136 1044 2218 quamuis
1061 2135 1151 2198 enim
1174 2153 1208 2197 se
1227 2134 1478 2217 perypateticum
1501 2133 1701 2216 profiteretur
1719 2146 1828 2196 tamen
1849 2147 2034 2216 stoycorum

699 2253 730 2303 et
750 2242 900 2323 precipue
919 2240 1062 2324 platonis
1079 2241 1208 2323 cognita
1226 2254 1275 2303 est
1293 2253 1434 2315 secutus,
1454 2259 1494 2302 ex
1513 2259 1581 2303 uno
1599 2254 1767 2322 tamquam
1790 2254 1923 2323 paterno
1943 2240 2036 2304 intel·

700 2347 784 2411 lectu
800 2348 916 2412 uolens
931 2348 1106 2430 producere
1120 2348 1246 2421 omnia,
1261 2347 1490 2431 propterquod
1505 2347 1664 2430 triplicem
1678 2347 1828 2410 distinxit
1842 2349 2010 2410 materiam
2025 2368 2033 2409 :

699 2473 771 2518 eam
788 2475 851 2538 que
867 2456 973 2538 primo
987 2456 1221 2519 determinatur
1236 2454 1341 2518 forma
1356 2454 1577 2530 substanciali,
1593 2468 1624 2517 et
1637 2474 1708 2517 eam
1724 2474 1788 2538 que
1802 2455 2036 2518 determinatur

642 2575 671 2619 ιε
700 2564 806 2646 prima
834 2562 941 2627 forma
967 2563 1139 2646 corporali,
1166 2575 1197 2626 et
1224 2583 1295 2626 eam
1324 2583 1389 2647 que
1416 2563 1651 2627 determinatur
1678 2563 1784 2646 prima
1811 2564 2033 2645 corporeitate.

701 2670 845 2733 Primam
874 2686 983 2735 autem
1013 2669 1154 2734 formam
1180 2669 1258 2733 dicit
1283 2690 1352 2733 esse
1378 2670 1629 2753 intelligenciam
1656 2671 1727 2732 siue
1756 2669 1971 2732 intellectuale
1995 2689 2034 2732 ex

699 2798 763 2862 qua
784 2777 863 2842 dicit
884 2777 1115 2861 multiplicatas
1139 2798 1207 2841 esse
1228 2777 1431 2840 substancias
1455 2777 1686 2840 intellectuales
1708 2790 1739 2840 et
1759 2778 1909 2854 animas3
1931 2796 2035 2860 quan-

698 2886 787 2950 titate
800 2898 909 2948 autem
926 2884 1004 2949 dicit
1017 2885 1266 2949 determinatam
1287 2886 1456 2948 materiam
1471 2904 1644 2968 corporum
1660 2884 1827 2948 celestium
1840 2906 1849 2961 ;
1865 2897 1896 2948 et
1909 2899 2035 2948 contra-

698 2994 808 3058 rietate
831 2992 910 3056 dicit
938 2992 1186 3056 determinatam
1214 3012 1284 3056 esse
1312 2993 1479 3055 materiam
1509 2991 1709 3075 phisicorum
1737 2991 1974 3074 generabilium
2003 3005 2034 3055 et

637 3124 670 3157 ιο
697 3099 972 3183 corruptibilium.
1009 3100 1047 3163 Et
1074 3099 1255 3163 secundum
1291 3099 1390 3162 huius
1423 3099 1622 3182 posicionem
1658 3099 1793 3182 planum
1822 3113 1869 3162 est
1897 3119 2031 3162 omnem

699 3207 951 3271 intellectualem
969 3222 1118 3271 naturam
1136 3207 1169 3268 in
1186 3206 1247 3269 hoc
1263 3207 1314 3269 uel
1331 3207 1363 3268 in
1382 3205 1439 3270 illo
1453 3220 1615 3289 acceptam
1632 3225 1699 3269 esse
1714 3205 1925 3289 singularem.

780 3313 877 3377 Nunc
897 3326 1006 3377 autem
1030 3332 1134 3376 vnum
1160 3311 1360 3376 intellectum
1386 3331 1524 3376 numero
1547 3332 1615 3376 esse
1638 3315 1672 3376 in
1693 3313 1860 3397 aliquibus
1883 3314 2033 3397 pluribus

697 3441 735 3484 ex
752 3420 856 3504 [209']
872 3420 1029 3484 omnibus
1049 3420 1272 3504 posicionibus
1289 3433 1416 3484 constat
1430 3419 1492 3483 hoc
1506 3420 1625 3484 falsum
1641 3440 1710 3483 esse
1724 3421 1905 3484 secundum
1928 3420 2033 3504 philo

698 3527 861 3611 sophiam.
884 3528 982 3609 Quod
1001 3548 1089 3591 unus
1112 3547 1251 3592 numero
1272 3527 1454 3591 intellectus
1474 3528 1624 3611 acceptus
1644 3529 1825 3592 secundum
1848 3548 1916 3592 esse
1936 3530 1978 3592 sit
1998 3530 2031 3593 in

636 3650 668 3694 ιε
697 3636 855 3699 omnibus
875 3636 947 3719 plus
967 3636 1114 3719 sequitur
1127 3635 1216 3719 quod
1235 3636 1335 3698 eciam
1358 3635 1420 3698 hoc
1434 3636 1521 3719 quod
1537 3636 1651 3699 dicunt
1670 3655 1737 3699 non
1753 3649 1800 3699 est
1816 3635 2031 3718 intelligibile,

698 3742 785 3825 quod
807 3744 997 3806 communis
1017 3742 1120 3805 animi
1144 3743 1318 3825 concepcio
1338 3762 1438 3826 quam
1462 3743 1545 3825 greci
1569 3745 1737 3819 anxioma,
1759 3744 1847 3826 quod
1874 3743 2031 3827 quicquid

697 3850 877 3914 secundum
898 3870 966 3914 esse
985 3864 1032 3913 est
1053 3852 1085 3913 in
1107 3850 1220 3913 multis
1240 3850 1474 3934 multiplicatur
1489 3850 1522 3912 in
1544 3850 1619 3926 illis,
1635 3867 1665 3915 et
1684 3871 1752 3914 esse
1770 3850 1859 3934 quod
1879 3850 1977 3915 habet
1997 3852 2030 3913 in

696 3976 764 4021 vno
779 3976 845 4020 non
863 3957 960 4021 habet
976 3958 1009 4019 in
1025 3957 1100 4020 alio.

776 4064 874 4145 Quod
898 4078 1006 4128 autem
1031 4083 1230 4147 anaxagoras
1254 4064 1332 4128 dicit
1354 4064 1442 4149 quod
1470 4064 1686 4148 intelligencia
1713 4065 1797 4128 nihil
1824 4065 1921 4129 habet
1942 4085 2030 4128 com-

636 4184 668 4229 30
698 4191 811 4249 mune,
831 4172 871 4236 de
891 4186 1005 4236 natura
1024 4185 1055 4235 et
1073 4173 1216 4235 essencia
1236 4171 1417 4235 intellectus
1435 4172 1559 4236 dictum
1580 4187 1713 4237 estnon
1734 4174 1774 4236 de
1793 4193 1873 4236 esse.
1894 4173 2031 4237 Constat

696 4280 785 4343 enim
808 4279 896 4362 quod
918 4280 1099 4343 secundum
1122 4299 1191 4343 esse
1213 4279 1395 4344 intellectus
1415 4281 1626 4363 coniungitur
1645 4282 1806 4344 continuo
1826 4294 1857 4345 et
1878 4281 2029 4363 tempori,

695 4399 727 4451 et
751 4385 840 4470 quod
868 4388 1077 4470 coniungitur
1104 4388 1264 4451 continuo
1288 4401 1320 4451 et
1345 4389 1482 4471 tempori
1513 4387 1626 4452 multis
1650 4402 1682 4452 et
1708 4389 1820 4452 multis
1849 4388 1956 4452 modis
1983 4402 2030 4452 est

697 4496 898 4559 immixtum.
925 4494 963 4559 Et
985 4496 1136 4560 omnium
1162 4497 1280 4560 horum
1305 4497 1492 4580 exemplum
1515 4510 1562 4560 est
1584 4508 1698 4560 natura
1724 4498 1881 4580 perspicui
1904 4499 1938 4560 in
1960 4497 2029 4560 celo

696 4615 726 4667 et
741 4604 827 4687 igne,
842 4617 873 4667 et
887 4623 969 4680 aere,
985 4617 1016 4667 et
1030 4623 1126 4687 aqua,
1146 4603 1309 4688 lapidibus
1323 4619 1353 4669 et
1367 4606 1461 4669 vitro.

635 4720 666 4766 ³⁵
776 4711 851 4775 Non
872 4730 946 4795 ergo
967 4725 1096 4775 tantum
1120 4712 1301 4776 secundum
1323 4713 1491 4795 theologos
1512 4711 1631 4775 falsum
1653 4725 1700 4775 est
1718 4712 1806 4795 quod
1826 4711 1952 4787 dicunt,
1973 4712 2028 4775 sed

695 4820 790 4883 etiam
818 4819 998 4883 secundum
1028 4820 1291 4903 philosophiam;
1316 4821 1409 4883 cuius
1435 4839 1531 4883 causa
1554 4820 1630 4883 dicti
1655 4833 1702 4883 est
1726 4821 1926 4902 ignorancia,
1951 4821 2028 4904 quia

696 4922 790 4990 multi
818 4928 1009 5010 parisienses
1037 4947 1102 4991 non
1131 4927 1385 5011 philosophiam,
1412 4927 1467 4992 sed
1492 4926 1692 5010 sophismata
1718 4941 1795 4991 sunt
1820 4928 1931 4991 secuti.
1960 4927 2028 4990 Hec

695 5056 769 5119 ergo
790 5039 917 5120 questio
938 5050 986 5100 est
1006 5036 1047 5100 ad
1069 5040 1225 5121 primum.
