4892 6540
1273 855 1476 932 ...164

788 1042 1011 1120 Tredecimus.
1035 1055 1120 1136 Quia
1135 1055 1214 1120 deus
1230 1075 1297 1121 non
1318 1069 1421 1141 potest
1434 1056 1510 1122 dare
1524 1058 1790 1124 inmortalitatem
1806 1059 1857 1124 vel
1872 1060 2039 1145 incorrup-

707 1161 891 1227 tibilitatem
906 1164 950 1226 rei
968 1163 1095 1227 mortali
1111 1163 1162 1227 vel
1177 1164 1347 1247 corporali.

788 1268 824 1351 [f.
842 1270 934 1353 roob]
965 1270 1119 1334 Decimus
1140 1285 1285 1354 quartus.
1316 1270 1413 1352 Quod
1434 1292 1552 1355 corpus
1572 1273 1683 1336 christi
1705 1274 1813 1338 iacens
1834 1275 1869 1337 in
1891 1275 2038 1357 sepulcro

706 1390 736 1440 et
761 1377 902 1459 positum
929 1378 962 1439 in
986 1397 1079 1442 cruce
1105 1397 1172 1442 non
1199 1391 1257 1456 est,
1281 1378 1332 1442 vel
1358 1398 1426 1443 non
1454 1379 1538 1443 idem
1567 1378 1629 1444 fuit
1654 1399 1792 1445 numero
1818 1400 1955 1466 semper,
1980 1381 2036 1446 sed

662 1499 675 1543 ⁵
706 1484 888 1547 secundum
908 1485 999 1568 quid.

785 1590 1034 1672 Quindecimus.
1058 1592 1144 1674 Quia
1162 1593 1297 1678 angelus
1316 1605 1346 1658 et
1364 1595 1476 1658 anima
1495 1607 1572 1659 sunt
1591 1595 1767 1679 simplices,
1782 1596 1837 1659 sed
1858 1615 1926 1660 non
1946 1595 2040 1660 abso-

705 1697 772 1761 luta
801 1699 1024 1782 simplicitate,
1053 1718 1112 1763 nec
1140 1720 1195 1783 per
1222 1720 1386 1765 accessum
1414 1700 1456 1765 ad
1483 1703 1720 1785 compositum,
1749 1701 1805 1766 sed
1837 1716 1949 1767 tamen
1984 1722 2040 1787 per

704 1824 864 1869 recessum
889 1826 908 1870 a
932 1826 1065 1871 summo
1091 1807 1243 1891 simplici.

785 2020 903 2103 lncipit
916 2021 1144 2086 determinatio
1159 2035 1437 2087 enumeratorum.

1353 2346 1391 2430 lll

782 2558 984 2624 intellectum
1010 2560 1156 2625 hominis
1179 2562 1356 2627 secundam
1382 2573 1532 2626 naturam
1558 2562 1741 2627 intellectus
1761 2576 1792 2628 et
1813 2563 2037 2628 substanciam

701 2678 732 2728 et
746 2664 983 2731 diffinicionem
1003 2688 1194 2751 cognoscere
1214 2669 1367 2752 possibile
1388 2688 1455 2733 non
1475 2683 1534 2745 est,
1555 2669 1618 2732 nisi
1637 2684 1668 2733 et
1689 2682 1803 2734 natura
1824 2671 2040 2754 intelligencie

701 2784 732 2836 et
752 2785 866 2837 natura
885 2788 916 2838 et
935 2775 1120 2839 substancia
1139 2777 1250 2839 anime
1268 2790 1298 2839 et
1316 2775 1476 2839 diffinicio
1496 2791 1718 2857 cognoscatur.
1744 2776 1928 2861 Loquimur
1947 2780 2037 2842 enim

703 2879 756 2944 hic
770 2880 810 2944 de
824 2882 1009 2964 cognitione
1021 2902 1085 2966 que
1098 2896 1145 2946 est
1160 2902 1216 2965 per
1228 2883 1471 2965 philosophiam
1488 2896 1518 2946 et
1534 2885 1654 2947 nonde
1668 2904 1704 2947 ea
1717 2904 1781 2968 que
1794 2897 1842 2949 est
1856 2884 2037 2949 secundum

644 3005 672 3048 ιε
703 2986 801 3052 fidem
826 3001 857 3053 et
880 2988 1098 3072 theologiam
1123 3009 1187 3073 que
1209 2992 1362 3074 quamvis
1385 2991 1542 3054 omnibus
1565 2992 1684 3054 cercior
1707 2993 1760 3068 sit,
1784 3006 1894 3056 tamen
1919 2994 1997 3076 quia
2021 3013 2039 3057 a

703 3096 816 3159 multis
842 3115 909 3159 non
936 3097 1073 3180 capitur,
1101 3097 1173 3161 ideo
1199 3111 1331 3181 putatur
1356 3099 1439 3162 velle
1463 3098 1669 3162 difficultates
1694 3100 1831 3164 euadere
1853 3101 1909 3184 qui
1938 3120 1971 3164 se
1996 3101 2037 3164 ad

702 3202 899 3287 theologiam
916 3204 1075 3269 1c0nferr.
1094 3205 1169 3270 ldeo
1183 3226 1222 3270 ex
1242 3207 1367 3270 intimis
1387 3207 1595 3291 philosophie
1609 3208 1754 3271 raciones
1768 3222 1983 3284 assumentes,
1999 3208 2039 3272 de

702 3322 818 3374 natura
834 3310 1057 3376 intellectuum
1074 3312 1254 3396 loquentes,
1270 3314 1310 3377 de
1325 3314 1489 3378 intellectu
1509 3314 1695 3398 loquamur.

784 3416 821 3479 ln
837 3417 1045 3502 philosophia
1059 3420 1156 3502 igitur
1169 3421 1456 3504 perypateticorum
1474 3440 1540 3485 non
1557 3422 1620 3484 nisi
1633 3421 1714 3485 duas
1732 3441 1837 3486 nouas
1857 3423 2038 3506 posiciones

640 3553 672 3585 ιο
702 3523 935 3600 inuenimus,a
950 3544 983 3588 se
993 3524 1292 3606 valdedifferentes,
1304 3530 1510 3592 etvnam²in
1522 3529 1792 3613 antiquo,inqua
1803 3548 1870 3593 non
1881 3528 2039 3593 differunt

702 3632 918 3715 perypatetici,
939 3632 993 3695 sed
1013 3652 1129 3697 omnes
1147 3633 1354 3700 uniformiter
1371 3636 1587 3700 conueniunt.
1610 3634 1668 3699 llla
1688 3656 1766 3700 uero
1786 3638 1820 3699 in
1839 3656 1903 3720 qua
1922 3655 2038 3701 omnes

700 3739 904 3802 conueniunt
932 3740 1127 3822 posicio'est
1151 3761 1332 3825 anaxagore
1356 3743 1426 3825 qui,
1454 3742 1591 3826 loquens
1617 3742 1657 3806 de
1682 3743 1846 3808 intellectu
1876 3742 2036 3827 possibili,

700 3844 779 3909 dicit
803 3844 892 3929 quod
919 3845 1101 3910 intellectus
1129 3849 1294 3930 possibilis
1322 3861 1369 3913 est
1394 3862 1571 3933 separatus,
1598 3861 1628 3914 et
1654 3851 1838 3927 immixtus,
1865 3850 2038 3934 simplicis-

701 3952 816 4028 simus,
838 3952 920 4016 nulli
943 3953 1026 4016 nihil
1047 3954 1172 4018 habens
1191 3973 1388 4033 commune3
1410 3969 1539 4040 propter
1553 3957 1642 4040 quod
1656 3956 1791 4041 quidam
1812 3957 1937 4040 opinati
1958 3970 2036 4022 sunt

640 4076 670 4120 25
701 4059 809 4140 ipsum
835 4079 903 4123 esse
924 4079 1027 4124 vnum
1052 4074 1083 4124 et
1105 4062 1246 4126 eundem
1270 4066 1283 4106 ⁸
1305 4064 1339 4125 in
1360 4063 1529 4139 omnibus,
1551 4076 1582 4127 et
1604 4063 1697 4128 nullo
1718 4064 1970 4130 determinatum
1994 4063 2036 4127 ad

700 4185 803 4229 vnum
827 4167 988 4250 principio
1007 4187 1074 4251 quo
1092 4169 1134 4232 ad
1153 4169 1291 4233 alterum
1310 4174 1324 4213 ⁴
1345 4190 1412 4234 non
1432 4170 1674 4235 determinetur.
1699 4171 1733 4235 Si
1755 4173 1844 4235 enim
1867 4172 1907 4234 ad
1927 4190 2033 4235 vnum

699 4272 833 4357 aliquod
848 4274 1092 4352 determinetur,
1108 4288 1144 4341 ut
1158 4277 1284 4354 dicunt,
1301 4277 1357 4341 illo
1372 4279 1551 4342 necessario
1565 4277 1674 4343 differt
1687 4279 1728 4343 ab
1743 4278 1819 4342 alio.
1842 4278 1914 4343 Hoc
1926 4294 2034 4344 autem

700 4400 766 4464 quo
791 4381 1027 4446 determinatur
1051 4397 1177 4448 constat
1202 4385 1291 4469 quod
1321 4405 1388 4449 non
1414 4399 1462 4449 est
1487 4386 1526 4449 de
1553 4399 1668 4450 natura
1698 4385 1879 4450 intellectus
1904 4387 1961 4470 qui
1989 4399 2036 4450 est

700 4489 856 4552 omnibus
871 4492 1070 4554 communis.
1087 4492 1154 4555 Aut
1168 4512 1242 4575 ergo
1257 4512 1323 4556 non
1340 4493 1585 4570 determinatur,
1601 4506 1657 4557 aut
1670 4492 1706 4576 [f.
1723 4494 1798 4577 207]
1814 4494 1879 4557 alio
1891 4493 2033 4577 quodam

639 4612 671 4657 30
699 4596 942 4660 determinatur.
968 4597 1003 4661 Si
1027 4611 1136 4662 autem
1162 4619 1228 4663 non
1251 4600 1495 4677 determinetur,
1519 4600 1657 4664 habetur
1678 4603 1894 4684 propositum,
1917 4602 2036 4664 scilicet

699 4703 788 4786 quod
803 4723 889 4767 vnus
908 4717 939 4768 et
959 4705 1045 4768 idem
1064 4719 1112 4769 est
1131 4707 1165 4768 in
1185 4706 1353 4770 omnibus.
1375 4707 1409 4771 Si
1429 4721 1537 4771 autem
1558 4706 1623 4771 alio
1637 4708 1782 4792 quodam
1802 4707 2036 4773 determinatur

700 4810 788 4892 quod
809 4830 876 4875 non
896 4825 943 4876 est
957 4812 998 4876 de
1017 4826 1132 4876 natura
1153 4813 1346 4892 intellectus,
1363 4814 1425 4877 hoc
1439 4814 1601 4879 videbitur
1620 4833 1689 4878 esse
1707 4828 1819 4878 contra
1837 4816 2033 4899 ypothesim‚

699 4919 776 5002 quia
804 4938 880 4982 cum
911 4920 995 4984 nihil
1021 4921 1253 4985 determinetur
1280 4940 1335 5005 per
1359 4921 1449 4985 aliud
1475 4923 1563 5006 quod
1593 4923 1656 4986 sibi
1684 4942 1751 4987 non
1778 4937 1825 4989 est
1853 4923 2033 4987 secundum

782 5144 1778 5220 ¹Ms†se.-¹Ms=vna.-⁸lls÷esse.-⁴rvts÷qno.
