4872 6552
989 891 1195 966 ..51-

425 1108 519 1175 posse
542 1090 714 1156 subsistere
737 1094 808 1155 sine
831 1091 1022 1155 individuis.
1050 1092 1149 1172 Quod
1175 1093 1201 1154 si
1229 1091 1291 1155 boc
1317 1111 1384 1154 non
1412 1105 1458 1155 est
1481 1111 1608 1166 verum,
1633 1075 1761 1154 videtur

424 1199 513 1282 quod
538 1200 564 1262 si
589 1199 701 1263 nullus
725 1199 825 1264 homo
850 1200 1092 1283 particularium
1116 1200 1168 1275 sit,
1190 1199 1278 1282 quod
1307 1201 1402 1263 nonl
1426 1212 1593 1282 permanet
1618 1198 1761 1263 essentia

426 1318 540 1369 nature
563 1306 709 1369 humane
727 1326 791 1389 que
813 1307 995 1390 ponebatur
1015 1326 1156 1370 manere.

504 1413 569 1476 Alii
586 1413 739 1477 dixerunt
757 1413 859 1490 aliter,
875 1414 1041 1477 credentes
1061 1434 1127 1477 non
1148 1425 1276 1477 tantum
1298 1413 1498 1478 intellectum
1520 1433 1626 1477 rerum
1643 1432 1711 1476 esse
1727 1414 1759 1475 in

424 1522 548 1597 anima,
573 1521 628 1584 sed
655 1523 740 1604 ipsas
768 1535 898 1585 naturas
925 1521 1101 1585 intellectas
1124 1541 1187 1604 que
1212 1541 1267 1604 per
1293 1521 1449 1584 terminos
1473 1521 1709 1603 significantur,
1731 1534 1762 1583 et
1790 1535 1804 1579 5

425 1628 497 1691 ideo
523 1649 653 1691 manere
678 1629 846 1692 hominem
869 1628 1086 1692 essentialiter
1107 1648 1182 1691 cum
1205 1629 1274 1691 eius
1295 1629 1468 1710 conceptio
1491 1641 1668 1703 remaneat,
1689 1627 1763 1691 litet

424 1737 563 1799 exterius
582 1735 750 1819 quodlibet
764 1750 1004 1819 corrumpatur,
1020 1750 1051 1800 et
1070 1738 1116 1799 sic
1135 1737 1242 1818 ipsum
1259 1755 1328 1798 esse
1342 1733 1479 1798 animal.

505 1843 567 1907 Sed
584 1845 642 1908 ista
657 1845 709 1907 via
725 1857 808 1907 stare
827 1864 894 1908 non
916 1856 1031 1926 potest,
1048 1843 1217 1906 nechabet
1237 1842 1509 1921 fundamentum3
1526 1862 1592 1925 quo
1607 1843 1762 1905 existente

426 1970 491 2013 non
514 1950 595 2014 bene
616 1952 810 2034 proceditur,
825 1953 851 2014 si
873 1950 1125 2014 fundamentum
1147 1949 1265 2014 falsum
1286 1964 1344 2014 est.
1367 1950 1528 2014 lntellette
1542 1952 1631 2014 enim
1649 1964 1762 2013 nature

424 2057 542 2140 lapidis
561 2071 592 2121 et
610 2060 694 2121 asini
715 2079 783 2123 non
803 2072 881 2122 sunt
900 2079 1012 2122 eorum
1035 2057 1214 2122 intellectus
1234 2072 1264 2121 et
1283 2059 1526 2140 conceptiones
1543 2057 1658 2121 rediret
1672 2059 1760 2121 enim
1795 2085 1823 2115 ιο

424 2166 538 2247 opinio
563 2166 761 2249 empedoclis
787 2167 934 2229 animam
963 2168 1114 2249 ponentis
1139 2167 1293 2249 componi
1320 2186 1359 2228 cx
1383 2166 1551 2241 omnibus,
1576 2165 1616 2228 ad
1642 2166 1703 2229 boc
1727 2178 1763 2228 ut

424 2274 537 2335 omnia
551 2286 776 2356 cognosceret3
793 2273 877 2337 etde
892 2274 1044 2337 hocalibi
1062 2275 1185 2337 dictum
1201 2287 1259 2337 est.
1275 2272 1359 2337 Nam
1376 2275 1402 2335 si
1420 2293 1467 2336 res
1484 2273 1641 2337 intellecte
1655 2286 1763 2336 essent

425 2399 481 2442 sue
502 2382 746 2463 conceptiones,
762 2400 861 2444 omne
880 2380 969 2463 quod
990 2381 1118 2445 uidetur
1132 2394 1214 2444 esset
1233 2401 1361 2456 uerum,
1378 2400 1454 2442 nam
1475 2382 1586 2443 omnis
1600 2381 1703 2443 virtus
1722 2380 1762 2443 de

425 2507 482 2549 sua
497 2489 712 2570 tonteptione
725 2508 799 2550 vera
814 2502 860 2551 est
869 2509 878 2564 3
894 2501 925 2550 et
939 2489 964 2550 si
980 2490 1109 2571 cognita
1122 2509 1139 2551 a
1153 2490 1220 2550 suis
1233 2487 1407 2551 virtutibus
1422 2501 1528 2551 essent
1542 2489 1760 2570 cognitiones

424 2609 505 2657 esset
519 2614 618 2657 omne
633 2614 791 2677 apparens
807 2615 922 2658 uerum
938 2608 968 2658 et
984 2594 1227 2659 uerifitarentur
1240 2594 1499 2659 contradictoria.
1793 2608 1822 2653 15

505 2701 568 2765 Sed
593 2701 734 2765 albertus
757 2703 955 2766 coloniensis
977 2702 1179 2784 probabilius
1204 2702 1353 2785 predictis
1375 2702 1464 2764 dicit.
1491 2701 1574 2765 Dicit
1597 2721 1668 2764 eam
1693 2721 1762 2765 esse

424 2828 533 2871 veram
558 2810 591 2870 in
614 2828 674 2871 suo
696 2808 807 2872 libello
828 2808 867 2872 de
890 2809 1053 2873 intellettu
1075 2823 1105 2873 et
1127 2809 1336 2892 intelligibili,
1360 2809 1479 2871 scilicet
1499 2808 1601 2892 quod,
1623 2810 1700 2892 quia
1722 2809 1761 2872 de

424 2915 606 2998 aptitudine
625 2917 766 2979 essentie
785 2929 832 2979 est
851 2929 925 2980 ante
948 2918 1115 2979 materiam
1138 2929 1168 2980 et
1188 2917 1407 2999 compositum
1431 2915 1655 2992 individuum,
1677 2929 1762 2999 patet

424 3022 513 3105 quod
533 3023 626 3087 nullo
648 3024 783 3087 homine
802 3023 957 3086 existente
977 3023 1172 3106 particulari,
1193 3023 1301 3087 adhuc
1323 3023 1381 3087 het
1399 3038 1446 3086 est
1466 3043 1541 3086 uera
1563 3043 1571 3085 :
1593 3023 1695 3088 homo
1715 3038 1763 3088 est

423 3130 561 3207 animal,
576 3144 608 3193 et
625 3130 687 3193 alie
707 3131 897 3194 huiusmodi
918 3131 1102 3194 locutiones
1120 3132 1215 3195 tuius
1235 3130 1415 3194 intellectus
1433 3144 1481 3194 est
1496 3131 1565 3205 iste,
1581 3131 1670 3213 quod
1684 3133 1762 3214 quia
1791 3157 1823 3189 20

423 3237 464 3300 ad
492 3239 670 3301 essentiam
700 3237 882 3301 humanam
914 3258 980 3301 non
1011 3240 1147 3321 pertinet
1176 3241 1308 3303 materia
1336 3239 1474 3302 alicuius
1500 3238 1679 3314 indiuidui,
1704 3258 1763 3301 nec

423 3344 557 3427 aliquod
573 3344 835 3420 indiuiduorum,
851 3365 927 3408 curn
943 3346 1070 3408 homini
1085 3347 1253 3429 contingat
1267 3344 1390 3409 animal
1407 3366 1462 3429 per
1474 3366 1567 3409 suam
1583 3346 1760 3409 essentiam

426 3471 480 3534 per
495 3452 528 3515 id
543 3453 630 3535 quod
645 3453 685 3515 ad
701 3454 770 3515 eius
785 3453 962 3516 essentiam
981 3455 1127 3535 pertinet.
1146 3453 1232 3516 Hinc
1246 3466 1304 3529 est,
1320 3453 1409 3536 quod
1425 3453 1561 3516 sublatis
1580 3453 1763 3516 indiuiduis

424 3559 580 3622 omnibus
603 3579 667 3642 que
690 3559 731 3622 ad
755 3561 932 3623 essentiam
960 3560 1105 3623 hominis
1130 3580 1195 3623 non
1222 3561 1395 3642 pertinent,
1420 3560 1508 3642 quod
1535 3559 1644 3623 adhuc
1668 3559 1763 3622 debet

424 3685 492 3728 esse
514 3685 642 3741 uerum,
666 3666 836 3730 bominem
859 3687 927 3729 esse
948 3667 1083 3730 animal.
1791 3681 1823 3725 25

505 3771 567 3835 Sed
588 3772 649 3835 hot
664 3772 771 3835 adhut
786 3786 868 3836 stare
884 3794 951 3837 non
968 3787 1083 3857 potest,
1098 3776 1176 3857 quia
1192 3774 1264 3838 licet
1278 3773 1318 3837 ad
1333 3775 1512 3837 essentiam
1530 3773 1676 3837 hominis
1693 3793 1761 3837 non

425 3879 582 3961 pertineat
605 3895 753 3955 socrateS,
778 3881 855 3962 quia
879 3895 958 3944 tunc
978 3882 1018 3945 de
1043 3882 1173 3965 platone
1197 3901 1264 3945 non
1290 3882 1505 3964 predicaretur
1528 3881 1641 3955 homo,
1667 3881 1761 3945 etad

425 3986 602 4048 essentiam
624 3985 770 4049 hominis
791 4007 857 4051 non
880 3990 1061 4071 pertineant
1080 3989 1137 4052 iste
1156 4008 1268 4051 carnes
1288 4001 1318 4050 et
1337 4007 1488 4070 ossaque
1508 4000 1585 4051 sunt
1608 3986 1761 4070 platonis,

425 4093 501 4175 quia
516 4107 595 4155 tunc
610 4112 677 4155 non
693 4093 836 4175 quelibet
852 4109 967 4158 natura
982 4096 1130 4158 humana
1149 4110 1237 4158 extra
1258 4094 1316 4158 has
1335 4114 1447 4158 carnes
1462 4109 1492 4158 et
1508 4095 1567 4157 bec
1581 4114 1655 4159 ossa
1673 4096 1762 4158 inve-

426 4200 560 4276 niretur,
577 4214 692 4262 natura
706 4201 795 4263 enim
813 4201 958 4263 humana
975 4221 1041 4264 non
1058 4204 1248 4285 reperiretur
1266 4216 1354 4266 extra
1371 4222 1407 4265 ea
1426 4222 1490 4285 que
1508 4202 1549 4265 ad
1568 4203 1638 4265 cius
1656 4222 1762 4265 essen·
1791 4216 1823 4259 30

424 4308 507 4368 tiam
529 4307 702 4389 pertinent,
724 4322 839 4370 natura
860 4322 969 4371 tamen
993 4308 1139 4372 humana
1159 4324 1206 4373 est
1227 4309 1351 4392 aliquid
1371 4310 1460 4392 quod
1482 4330 1549 4373 non
1571 4322 1674 4392 potest
1693 4328 1762 4372 esse

425 4414 495 4474 sine
511 4414 579 4476 istis
593 4414 747 4477 carnibus
759 4428 790 4477 et
804 4415 874 4477 istis
888 4415 1017 4478 ossibus
1034 4430 1065 4479 et
1084 4417 1154 4479 sine
1173 4416 1283 4499 aliquo
1299 4416 1563 4491 indiuiduorum,
1579 4415 1760 4479 secundum

424 4519 513 4601 quod
533 4536 639 4602 aperte
658 4521 852 4584 determinat
871 4522 1048 4585 aristoteles
1068 4523 1101 4584 in
1123 4524 1165 4585 vii
1182 4527 1194 4565 2
1210 4524 1429 4605 metaphysice
1448 4536 1560 4587 contra
1581 4523 1758 4605 platonem.

505 4626 538 4689 Si
567 4628 663 4709 igitur
690 4627 806 4691 ablatis
830 4629 1012 4692 indiuiduis
1039 4628 1240 4692 aufferantur
1262 4650 1298 4693 ea
1322 4632 1392 4693 sine
1418 4630 1539 4712 quibus
1565 4650 1632 4694 non
1659 4642 1762 4712 potest

424 4751 492 4795 esse
513 4747 627 4796 natura
646 4735 804 4812 humana,
821 4736 1012 4800 aufferretur
1030 4751 1060 4800 et
1081 4739 1149 4820 ipsa
1169 4750 1284 4799 natura
1305 4737 1462 4800 bumana.
1480 4737 1566 4817 Quia
1583 4738 1628 4800 eis
1645 4736 1761 4799 ablatis
1790 4752 1822 4796 ss

426 4859 492 4903 non
521 4855 630 4904 manet
657 4841 758 4906 bomo
784 4844 907 4927 aliquid
936 4846 968 4907 in
997 4864 1103 4907 rerum
1132 4859 1259 4920 natura,
1283 4865 1341 4908 nec
1368 4844 1491 4908 animal
1522 4864 1580 4907 net
1608 4844 1710 4919 aliud,
1731 4856 1762 4907 et

425 4947 502 5009 huic
515 4961 668 5012 atestatur
682 4949 805 5013 dictum
821 4951 992 5015 aristotelis
1007 4953 1041 5013 in
1058 4951 1329 5035 predicamentis:
1344 4952 1432 5034 quod
1447 4952 1617 5015 destructis
1633 4952 1759 5034 primis,

498 5172 507 5204 ¹
527 5172 669 5245 Metaque.
691 5205 724 5217 -
744 5175 755 5207 ¹
770 5174 813 5230 Le
831 5183 910 5231 texte
921 5183 1009 5248 porte
1024 5192 1051 5242 v,
1067 5175 1143 5231 mais
1157 5193 1215 5232 une
1228 5177 1309 5232 main
1321 5177 1392 5248 plus
1405 5178 1524 5233 recente
1538 5194 1555 5233 α
1569 5178 1669 5249 ajoute
1682 5175 1713 5231 ii.
