4872 6552
967 902 1171 976 ..77⁴

401 1079 562 1157 animam,
589 1080 770 1144 secundum
796 1092 906 1142 tamen
933 1080 1021 1162 quod
1051 1079 1223 1155 intellecta,
1250 1080 1313 1143 hoc
1337 1094 1384 1143 est
1408 1094 1570 1163 quantum
1597 1076 1638 1143 ad
1667 1078 1736 1143 eius

403 1188 601 1252 intellectum
623 1206 702 1263 esse,
720 1206 787 1250 non
807 1199 854 1250 est
874 1188 936 1249 nisi
956 1187 990 1248 in
1011 1188 1133 1250 anima.
1151 1187 1248 1267 Quod
1268 1188 1294 1250 si
1310 1188 1507 1251 vniuersalia
1526 1206 1594 1251 esse
1607 1189 1737 1251 vniuer-

401 1295 493 1373 salia,
508 1310 555 1360 est
577 1297 645 1379 ipsa
667 1296 712 1358 sic
734 1294 882 1376 intelligi,
898 1294 1047 1358 videlicet
1065 1294 1221 1358 abstracte
1242 1309 1272 1358 et
1292 1296 1512 1358 communiter
1530 1314 1548 1357 a
1568 1295 1738 1378 particula-

403 1403 504 1479 ribus,
526 1416 617 1478 tunc,
640 1402 822 1465 secundum
844 1402 933 1485 quod
957 1402 1044 1476 talia,
1069 1421 1135 1465 non
1159 1415 1236 1464 sunt
1258 1402 1320 1465 nisi
1344 1403 1378 1464 in
1399 1404 1523 1465 anima.
1548 1401 1587 1465 Et
1609 1402 1670 1465 hoc
1691 1415 1738 1466 est

402 1510 490 1594 quod
505 1510 583 1573 dicit
601 1530 747 1574 averroes
767 1529 864 1593 super
878 1510 1012 1573 tercium
1028 1510 1069 1572 de
1087 1510 1210 1585 anima,
1226 1509 1314 1592 quod
1330 1509 1538 1583 vniuersalia,
1555 1510 1736 1572 secundum
1767 1524 1780 1568 5

402 1619 491 1701 quod
507 1617 715 1695 vniuersalia,
732 1630 809 1681 sunt
829 1617 1025 1681 intellectiua
1045 1630 1185 1680 tantum.
1204 1616 1403 1681 Intellectiua
1417 1631 1539 1693 autem,
1555 1617 1736 1680 secundum

387 1725 490 1809 'quod
512 1726 721 1802 intellectiua,
745 1726 806 1788 hoc
826 1737 873 1788 est
894 1737 1055 1807 quantum
1078 1725 1118 1787 ad
1140 1744 1253 1788 eorum
1276 1744 1345 1788 esse
1367 1725 1578 1799 intellectum,
1602 1738 1678 1788 sunt
1702 1724 1737 1786 in

401 1835 513 1896 anima
532 1846 672 1897 tantum.
690 1832 788 1896 Vnde
806 1847 836 1897 et
854 1833 1007 1896 temixius
1026 1835 1050 1908 1,
1071 1832 1252 1895 secundum
1272 1832 1361 1916 quod
1382 1833 1561 1916 predictum
1582 1845 1641 1908 est,
1661 1831 1738 1894 dicit

401 1941 598 2005 vniuersalia
613 1960 681 2004 esse
694 1954 880 2023 conceptus.

483 2048 538 2112 Est
563 2062 672 2112 autem
700 2048 935 2111 attendendum
965 2048 1053 2131 quod
1082 2047 1263 2111 intellectus
1291 2048 1469 2111 abstractus
1494 2061 1525 2113 et
1549 2049 1738 2112 communis
1770 2076 1800 2107 ιο

401 2156 539 2220 alicuius
568 2171 697 2232 nature,
726 2176 917 2240 quanquam
948 2156 989 2219 sit
1016 2158 1204 2219 communis
1233 2161 1260 2232 ²,
1290 2157 1347 2239 qui
1375 2155 1524 2219 videlicet
1550 2157 1738 2219 communis

403 2264 646 2347 particularium
669 2264 862 2340 intellectus,
879 2278 989 2327 tamen
1011 2282 1079 2327 non
1094 2266 1107 2306 ⁸
1126 2277 1173 2327 est
1187 2283 1364 2327 commune
1378 2263 1418 2326 de
1434 2263 1512 2346 ipsis
1533 2264 1737 2346 predicabile,

402 2390 440 2434 eo
456 2373 538 2455 [74V,
554 2371 616 2434 col.
634 2371 680 2453 b]
696 2370 784 2454 quod
799 2370 997 2434 abstractum
1018 2390 1086 2434 esse
1106 2370 1203 2434 habet
1219 2371 1260 2434 ab
1275 2371 1410 2447 eisdem,
1426 2370 1606 2434 secundum
1628 2372 1736 2453 ipsum

402 2479 490 2561 quod
523 2479 679 2542 abstracte
711 2480 996 2562 communiterque
1025 2478 1216 2562 intelligitur
1226 2501 1235 2556 ;
1265 2491 1296 2542 et
1324 2499 1380 2562 per
1407 2498 1626 2562 consequens,
1656 2480 1738 2542 sicut

401 2585 519 2650 dicitur
533 2606 589 2649 seu
612 2585 772 2669 significat
787 2587 826 2649 de
847 2587 1107 2669 particularibus,
1127 2599 1201 2669 apte
1221 2585 1413 2668 predicatur,
1433 2605 1509 2649 cum
1530 2586 1603 2649 talis
1623 2599 1738 2649 natura
1770 2600 1799 2644 15

402 2694 436 2755 in
453 2693 547 2756 rebus
562 2695 729 2757 consistat.
748 2693 787 2757 Et
806 2695 863 2771 sic,
879 2695 956 2777 quia
977 2693 1166 2757 huiusmodi
1187 2694 1406 2757 communiter
1421 2707 1451 2756 et
1469 2693 1627 2756 abstracte
1646 2692 1739 2756 iutel-

401 2799 559 2883 liguntur,
586 2821 653 2865 non
678 2802 723 2864 sic
746 2814 855 2865 autem
881 2814 970 2876 sunt,
996 2801 1068 2864 ideo
1092 2821 1159 2864 non
1184 2801 1366 2864 secundum
1393 2801 1591 2865 intentiones
1612 2801 1739 2883 generis

401 2921 498 2991 atquc
519 2909 634 2991 speciei
657 2909 697 2971 de
720 2909 870 2991 predictis
892 2909 1108 2991 predicantur.

483 3015 538 3080 Est
558 3018 659 3079 eciam
682 3016 932 3099 intelligendum
952 3016 1040 3098 quod
1063 3036 1130 3080 non
1151 3030 1198 3079 est
1220 3035 1348 3079 necesse
1370 3016 1478 3099 ipsum
1498 3015 1682 3079 vniuersale
1703 3016 1736 3078 in

400 3136 509 3187 actum
535 3124 580 3186 sic
605 3125 694 3207 prius
718 3144 786 3187 esse
807 3144 906 3207 quam
933 3124 1142 3207 intelligatur,
1165 3142 1203 3186 eo
1224 3124 1313 3206 quod
1335 3123 1519 3188 vniuersale
1541 3124 1575 3185 in
1597 3136 1670 3187 actu
1691 3137 1739 3186 est
1767 3148 1800 3180 20

400 3244 473 3295 actu
501 3231 714 3314 intelligibile.
735 3231 939 3314 intelligibile
965 3245 1073 3295 autem
1101 3232 1135 3293 in
1161 3245 1234 3294 actu
1260 3244 1292 3294 et
1318 3231 1554 3295 intellectiuum
1575 3232 1673 3295 vuius
1692 3245 1740 3294 est

401 3354 502 3414 actus,
518 3339 601 3401 sicut
620 3340 716 3401 actiui
733 3355 763 3402 et
779 3340 898 3421 passiui
920 3352 1029 3402 motus
1043 3339 1154 3414 vniuS,
1169 3338 1242 3401 licet
1261 3358 1329 3401 esse
1344 3339 1385 3401 sit
1398 3338 1535 3402 alterum
1556 3339 1738 3402 secundum

402 3446 617 3509 intellectuale
643 3447 677 3507 in
704 3447 864 3528 potencia,
891 3445 978 3509 vnde
1005 3445 1147 3528 procedit
1174 3446 1244 3509 eius
1270 3445 1483 3522 intellectum,
1511 3466 1603 3509 secus
1628 3459 1737 3510 autem

401 3572 469 3615 non
494 3566 541 3616 est
561 3553 745 3616 uniuersale
772 3553 833 3615 nisi
859 3553 892 3614 in
918 3553 1066 3635 potencia
1088 3546 1234 3628 ¹tantum,
1260 3565 1389 3635 propter
1409 3552 1498 3636 quod
1523 3572 1590 3616 non
1614 3567 1740 3636 oportet

402 3659 585 3721 uniuersale
613 3658 731 3721 habere
759 3678 826 3722 esse
852 3658 1035 3722 vniuersale
1063 3672 1240 3742 antequam
1270 3660 1377 3741 ipsum
1407 3659 1605 3724 intellectum
1632 3662 1739 3723 conci·
1768 3673 1800 3716 25

403 3766 520 3847 piatur,
547 3766 609 3827 nisi
635 3767 669 3827 in
695 3766 842 3848 potencia
865 3779 1006 3829 tantum.

482 3871 651 3952 Quosdam
672 3885 782 3935 tamen
798 3873 942 3936 vidimus
959 3873 1057 3936 huius
1072 3874 1147 3937 dicti
1168 3875 1367 3937 contrarium
1389 3874 1448 3937 hac
1462 3874 1583 3938 dixisse
1602 3876 1737 3950 ratione,

402 3980 561 4061 quoniam
578 3980 681 4061 ipsam
699 3980 900 4062 intelligendi
916 4000 1047 4063 operam
1065 3980 1205 4044 naturali
1220 3981 1335 4044 ordine
1350 3980 1516 4063 precedere
1530 3984 1544 4024 ⁴

402 4084 561 4162 obiciunt,
578 4086 667 4148 illam
688 4106 837 4150 causans.
860 4087 958 4151 Nunc
972 4101 1080 4151 autem
1096 4087 1292 4165 uniuersale,
1309 4088 1490 4151 secundum
1507 4088 1595 4172 quod
1610 4089 1740 4152 vniuer-

402 4192 479 4268 sale,
507 4195 670 4257 motiuum
697 4208 744 4258 est
770 4194 968 4271 intellectus,
999 4207 1154 4278 tanquam
1182 4196 1346 4259 obiectum
1373 4196 1574 4278 intelligendi
1601 4215 1739 4259 causans
1768 4210 1800 4253 30

402 4314 523 4377 actum,
544 4301 780 4384 propterquod
802 4302 866 4364 illis
886 4304 993 4365 visum
1017 4316 1064 4366 est
1084 4303 1173 4386 quod
1195 4303 1378 4367 vniuersale
1401 4323 1468 4366 non
1491 4316 1538 4366 est
1559 4302 1621 4366 tale
1642 4322 1680 4366 ex
1701 4323 1739 4367 eo

402 4409 472 4491 ipso
494 4409 583 4491 quod
608 4411 653 4471 sic
681 4409 891 4492 intelligatur,
917 4410 1021 4473 immo
1045 4410 1133 4494 quod
1162 4410 1349 4475 naturaliter
1370 4412 1383 4453 ⁶
1405 4412 1520 4474 existat
1542 4412 1738 4486 uniuersale,

401 4529 458 4578 aut
472 4535 569 4578 suum
586 4517 627 4579 sit
641 4536 710 4579 esse
726 4517 937 4592 intellectum,
954 4537 1050 4580 causa
1066 4518 1154 4580 illius
1170 4519 1289 4581 suimet
1304 4517 1496 4581 intellectus.

484 4622 592 4687 Huius
611 4636 719 4687 autem
741 4625 881 4688 racionis
900 4624 1024 4688 solucio
1044 4626 1089 4688 sic
1108 4638 1249 4708 apparet.
1269 4625 1327 4688 Illa
1346 4627 1435 4689 enim
1457 4625 1630 4709 exquibus
1649 4639 1739 4688 actus

403 4729 591 4793 intellectiui
614 4731 897 4815 intelligibilesque
911 4745 1099 4809 causantur,
1115 4732 1203 4815 quod
1218 4732 1350 4816 quidem
1372 4732 1570 4797 intellectum
1586 4746 1633 4796 est
1647 4731 1741 4795 intel·
1768 4748 1799 4793 35

484 4991 493 5023 ¹
508 4992 553 5047 Ms
566 5016 601 5037 z
614 4993 751 5048 temxius.
766 5023 802 5033 -
815 4994 825 5025 ²
840 4994 886 5048 nis
898 5017 935 5039 =
948 5009 1117 5049 commune.
1135 5024 1161 5033 -
1182 4995 1193 5027 ⁸
1207 4994 1252 5048 Ms
1266 4994 1297 5065 †
1314 5006 1430 5050 estnon
1447 5006 1490 5050 est
1504 5009 1664 5049 commune
1679 5010 1737 5048 non

402 5091 455 5135 est.
471 5111 505 5121 -
524 5081 592 5136 ‘Le
605 5098 658 5137 ms.
679 5082 767 5137 luisse
786 5082 827 5137 ici
845 5099 884 5137 un
904 5098 1007 5155 espace
1026 5083 1112 5137 blanc
1128 5099 1208 5155 pour
1226 5100 1265 5138 uu
1285 5099 1322 5138 ou
1338 5083 1417 5138 deux
1436 5090 1521 5138 mols.
1537 5083 1580 5137 On
1597 5082 1739 5155 pourruit

404 5167 479 5229 lire:
494 5170 656 5227 vniuersate
671 5170 766 5227 debet.
781 5202 815 5211 —
828 5172 840 5204 ⁸
854 5171 910 5227 Ms.
925 5195 961 5216 =
973 5171 1108 5227 naturali.
