4880 6546
1638 903 1732 946 CXCIX

489 1065 545 1130 On
569 1064 643 1130 voit
666 1085 735 1151 que
758 1065 800 1131 de
823 1064 1033 1132 semblables
1057 1065 1233 1133 solutions
1256 1068 1439 1155 apportees
1462 1090 1507 1135 au
1531 1091 1665 1158 groupe
1688 1073 1731 1138 de

400 1180 600 1267 problemes
623 1181 783 1247 souleves
806 1202 870 1268 par
893 1182 924 1247 la
949 1181 1114 1267 presence
1137 1184 1184 1248 du
1210 1182 1281 1249 mal
1309 1185 1421 1250 moral
1448 1206 1490 1251 ne
1514 1201 1596 1252 sont
1618 1188 1730 1274 qu'un

400 1296 553 1383 grossier
580 1296 848 1363 determinisme
878 1298 939 1384 qui
973 1297 1106 1364 n'entre
1134 1319 1196 1386 pas
1229 1300 1343 1367 meme
1374 1301 1462 1367 dans
1494 1303 1524 1367 le
1556 1301 1641 1368 fond
1672 1304 1733 1370 des

400 1404 596 1490 questions.
616 1406 697 1484 Car,
716 1425 808 1491 pout
825 1426 868 1470 ne
885 1405 1034 1471 toucher
1050 1406 1162 1492 qu’un
1181 1406 1255 1472 seul
1276 1408 1389 1493 point,
1408 1408 1469 1494 qui
1490 1428 1532 1474 ne
1550 1412 1733 1476 reconnalt

400 1542 470 1607 que
494 1519 542 1586 les
566 1520 736 1608 penalites
759 1522 847 1587 dont
873 1521 905 1587 la
931 1521 1057 1588 societ&
1082 1543 1226 1589 menace
1253 1523 1300 1589 les
1326 1523 1555 1610 delinquants
1583 1546 1625 1591 ne
1651 1541 1732 1593 sont

401 1759 459 1798 non
481 1756 549 1798 nata
566 1756 609 1799 est
627 1743 772 1815 impediri,
791 1756 819 1799 et
836 1743 901 1799 ideo
922 1760 1037 1815 semper
1054 1742 1188 1799 effectum
1209 1743 1332 1801 inducit.
1353 1746 1415 1800 Alia
1433 1760 1530 1803 autem
1550 1764 1732 1820 quamquam

401 1849 460 1886 non
482 1833 622 1905 impedita
641 1833 677 1888 ad
698 1834 842 1889 actionem
865 1834 901 1888 sit
923 1834 1091 1898 necessaria,
1114 1850 1173 1887 non
1196 1845 1293 1889 tamen
1314 1851 1438 1907 semper,
1461 1837 1581 1907 quando
1603 1839 1733 1909 ponitur,

400 1921 519 1977 effectus
542 1923 671 1993 ponitur,
694 1939 746 1994 pro
766 1940 800 1978 eo
821 1923 902 1994 quod
923 1923 1082 1993 aliquando
1103 1922 1203 1994 recipit
1223 1923 1480 1995 impedimentum.
1504 1926 1539 1982 Et
1560 1928 1615 1982 tale
1638 1944 1734 1983 neces·

401 2011 509 2066 sarium
532 2011 561 2065 in
583 2012 698 2067 actibus
721 2012 860 2067 humanis
879 2029 938 2067 non
961 2011 1089 2067 excludit
1109 2012 1305 2083 punitionem,
1327 2014 1403 2070 sicut
1422 2014 1508 2070 etiam
1531 2032 1584 2071 nec
1605 2017 1735 2073 excludit

400 2100 455 2154 alia
473 2101 682 2173 impedimenta
700 2101 728 2156 in
748 2102 820 2156 aliis.
841 2104 1029 2172 Quamquam
1048 2100 1126 2156 enim
1146 2118 1179 2155 ex
1196 2103 1294 2173 aliqua
1308 2120 1396 2159 causa
1413 2104 1519 2175 aliquis
1537 2107 1604 2162 velit
1622 2106 1731 2177 aliquid

400 2205 427 2248 et
446 2192 517 2247 illud
536 2204 611 2262 agat,
631 2206 658 2247 et
676 2208 764 2248 causa
782 2192 829 2247 illa
847 2192 972 2246 existens
993 2192 1020 2245 in
1042 2191 1235 2262 dispositione
1255 2192 1312 2257 illa,
1334 2192 1363 2247 in
1378 2210 1435 2266 qua
1453 2211 1541 2250 causa
1556 2195 1675 2252 effectus
1691 2208 1734 2252 est

401 2299 461 2337 non
477 2283 626 2354 impedita,
647 2282 806 2336 necessaria
824 2294 897 2336 esset
915 2282 950 2336 ad
969 2280 1115 2336 ellectum.
1134 2282 1209 2350 Quia
1226 2294 1322 2336 tamen
1341 2283 1370 2337 in
1386 2300 1488 2338 senon
1505 2296 1548 2340 est
1563 2287 1732 2352 necessaria,

401 2389 436 2428 ne
456 2374 536 2439 alias,
563 2373 624 2444 ipsa
646 2371 751 2444 posita,
772 2370 891 2426 effeetus
915 2383 1050 2443 ponatur,
1074 2370 1249 2426 ordinantur
1268 2384 1369 2427 contra
1389 2389 1452 2427 eam
1476 2373 1685 2445 impedimenta
1706 2388 1733 2431 et

401 2464 624 2536 persuasionum
643 2476 670 2519 et
689 2462 891 2534 punitionum.
915 2460 1000 2514 Unde
1019 2460 1148 2515 dicentes
1168 2461 1248 2532 quod
1270 2461 1370 2516 omnia
1391 2462 1426 2517 de
1448 2464 1616 2519 necessitate
1636 2481 1652 2519 a
1672 2465 1733 2521 suis

400 2554 496 2609 causis
519 2554 662 2617 eveniant,
688 2563 805 2623 propter
828 2554 883 2605 boc
906 2549 986 2620 quod
1012 2548 1132 2604 effectus
1155 2562 1286 2621 respectu
1312 2567 1381 2605 suae
1403 2568 1507 2607 causae
1529 2553 1678 2610 existentis
1704 2555 1732 2610 in

400 2643 593 2715 dispositione
613 2642 670 2707 illa,
692 2658 707 2695 a
728 2657 787 2711 qua
806 2640 926 2695 effectus
949 2639 1053 2704 evenit,
1080 2640 1259 2694 necessarius
1282 2640 1319 2695 sit
1341 2641 1377 2694 ab
1400 2657 1442 2708 ea,
1466 2655 1596 2712 peccant.
1622 2643 1734 2699 Dicitur

400 2734 478 2788 enim
505 2731 624 2787 effectus
651 2730 812 2785 necessario
838 2729 951 2784 evenire
976 2746 1010 2783 ex
1036 2745 1134 2793 causa,
1160 2745 1219 2783 non
1245 2730 1314 2800 quia
1341 2731 1503 2786 necessario
1525 2731 1562 2786 ab
1586 2748 1618 2786 ea
1639 2734 1734 2789 evenit

400 2823 521 2893 quando
543 2822 579 2876 ab
600 2837 632 2876 ea
653 2820 757 2888 evenit,
782 2819 830 2874 sed
852 2819 922 2889 qula
944 2834 1057 2890 semper
1078 2819 1115 2873 ab
1137 2834 1169 2873 ea
1189 2819 1294 2884 evenit,
1318 2819 1356 2874 ita
1378 2821 1458 2891 quod
1481 2822 1734 2894 quandocumque

401 2924 528 2984 ponatur
542 2927 639 2976 causa,
657 2922 784 2981 ponatur
798 2922 825 2964 et
840 2907 969 2964 effectus.

489 3000 576 3069 Quod
596 3000 618 3054 si
637 3012 669 3055 tu
684 2999 785 3053 dicas:
805 2998 1058 3070 quandocumque
1077 2997 1197 3069 ponitur
1214 3013 1302 3052 causa
1320 3014 1336 3052 a
1354 3015 1413 3069 qua
1430 2998 1550 3055 effectus
1564 3001 1659 3056 evenit
1673 3018 1732 3056 non

401 3090 550 3162 impedita,
570 3106 683 3160 semper
700 3088 820 3143 effectus
839 3088 875 3142 ab
893 3104 925 3142 ea
943 3088 1047 3152 evenit,
1067 3087 1106 3142 ita
1124 3087 1204 3157 quod
1221 3104 1280 3141 non
1300 3100 1414 3143 tantum
1434 3088 1553 3145 effectus
1573 3093 1733 3145 necessario

400 3180 495 3236 evenit
514 3196 530 3234 a
550 3195 603 3235 sua
622 3196 710 3234 causa
733 3177 853 3249 quando
876 3177 981 3243 evenit,
1007 3177 1099 3231 immo
1119 3177 1155 3231 ab
1178 3177 1225 3231 illa
1249 3194 1308 3231 non
1332 3178 1471 3249 impedita
1494 3195 1608 3251 semper
1627 3181 1732 3236 evenit.

402 3270 451 3325 Est
477 3269 635 3324 dicendum
661 3268 695 3322 ad
721 3270 776 3322 ltoc
799 3267 880 3338 quod
904 3266 966 3321 sine
990 3266 1082 3321 dubio
1108 3282 1206 3330 causa,
1233 3278 1265 3321 ut
1289 3266 1318 3320 in
1344 3267 1489 3338 pluribus,
1515 3285 1584 3323 cum
1607 3282 1649 3324 est
1673 3270 1734 3324 sine

400 3360 557 3423 accidente,
578 3359 613 3413 ad
633 3358 768 3414 effectum
789 3369 832 3412 est
850 3357 1019 3421 necessaria,
1040 3368 1067 3411 et
1087 3356 1340 3426 quandocumque
1361 3360 1481 3427 ponitur
1501 3374 1559 3412 non
1581 3359 1732 3430 impedita,

401 3449 521 3521 ponitur
540 3447 668 3502 effectus.
690 3447 746 3501 Sed
764 3464 798 3502 ex
817 3450 873 3501 hoc
893 3463 953 3500 non
974 3446 1107 3516 sequitur
1128 3445 1209 3516 quod
1229 3446 1299 3500 tales
1321 3445 1441 3501 effectus
1463 3463 1479 3500 a
1500 3463 1553 3502 sua
1575 3464 1661 3504 causa
1686 3466 1735 3521 per

400 3554 430 3593 se
444 3538 480 3592 de
495 3537 663 3592 necessitate
678 3536 821 3601 eveniant,
838 3536 908 3606 quia
928 3536 990 3606 ipsa
1009 3534 1140 3589 absentia
1160 3534 1362 3605 impedimenti
1379 3551 1438 3589 non
1454 3549 1498 3591 est
1512 3552 1600 3591 causa
1614 3536 1734 3594 effectus

402 3644 450 3699 per
471 3643 510 3688 se.
532 3627 582 3681 sed
601 3639 716 3682 tanturn
733 3626 807 3681 sicut
828 3641 981 3680 removens
997 3624 1172 3695 prohibens;
1190 3637 1217 3679 et
1233 3623 1307 3689 ideo,
1329 3641 1398 3679 cum
1414 3625 1641 3682 consideraveris
1662 3628 1733 3683 illud

399 3716 480 3786 quod
497 3716 552 3771 luit
569 3731 657 3771 causa
674 3732 722 3787 per
736 3731 766 3769 se
781 3715 816 3769 ad
832 3714 978 3779 effectum,
995 3713 1124 3767 invenies
1140 3713 1276 3768 effectum
1292 3731 1325 3768 ex
1341 3714 1391 3769 illo
1407 3731 1465 3769 non
1483 3732 1596 3787 semper
1611 3716 1732 3772 evenire.

384 3806 429 3860 -Si
444 3822 510 3860 vero
524 3822 627 3860 omnes
645 3806 774 3860 actiones
789 3806 935 3859 humanae
953 3816 980 3858 et
995 3803 1159 3858 voluntates
1179 3802 1278 3858 fierent
1292 3804 1328 3857 ab
1344 3804 1442 3874 aliqua
1456 3804 1503 3860 tali
1522 3821 1610 3860 causa
1629 3822 1678 3877 per
1693 3823 1733 3872 se,

399 3912 473 3966 quae
490 3895 649 3950 necessaria
665 3906 740 3950 esset
754 3893 790 3948 ad
805 3893 952 3959 effectum,
971 3893 1008 3948 ita
1024 3892 1105 3963 quod
1120 3909 1179 3947 non
1195 3904 1262 3948 nata
1276 3893 1420 3963 impediri,
1437 3906 1520 3950 actus
1536 3896 1657 3950 humani
1674 3912 1734 3950 non

401 3985 537 4040 haberent
559 3984 754 4056 punitionem.
775 3982 831 4038 Sed
853 3982 1047 4037 necessarium
1071 3982 1155 4037 tertio
1178 3982 1268 4037 modo
1292 3983 1321 4037 in
1343 3983 1457 4038 actibus
1480 3984 1628 4049 humanis,
1652 3985 1733 4056 quod

400 4087 442 4129 est
465 4074 660 4129 necessarium
684 4090 717 4128 ex
740 4072 919 4138 conditione,
944 4088 1003 4127 non
1030 4085 1157 4127 removet
1183 4072 1367 4143 punitionem
1391 4072 1420 4127 in
1443 4073 1558 4128 actibus
1584 4076 1732 4129 humanis.

402 4163 485 4218 Unde
506 4163 648 4218 comestio
670 4163 836 4234 aliquorum
856 4162 1030 4227 calidorum,
1051 4178 1120 4217 cum
1143 4161 1229 4218 fuerit
1248 4163 1431 4218 considerata
1451 4175 1483 4218 ut
1504 4179 1561 4217 non
1584 4163 1732 4234 impedita,

401 4266 523 4308 mortem
546 4252 708 4308 necessario
731 4252 862 4317 inducit;
887 4252 935 4307 sed
960 4264 1076 4324 propter
1098 4254 1178 4306 hunc
1201 4252 1325 4307 modum
1349 4252 1527 4308 necessitatis
1549 4269 1607 4307 non
1625 4253 1735 4309 omittit

400 4342 531 4398 medicus
550 4343 621 4413 quin
641 4343 720 4408 alias
740 4342 839 4413 aliquo
859 4342 1031 4397 comedente
1049 4341 1115 4397 talia
1133 4342 1236 4407 calida,
1257 4342 1469 4397 medicamenta
1486 4354 1624 4414 apponat,
1645 4359 1734 4414 appo-

400 4449 472 4488 nens
488 4432 774 4488 medicamentanon
791 4444 824 4487 ut
838 4430 980 4487 comestio
999 4431 1100 4486 talium
1117 4430 1280 4485 calidorum
1297 4448 1355 4486 non
1375 4431 1514 4503 impedita
1533 4444 1657 4487 mortem
1674 4448 1733 4487 non

399 4524 529 4588 inducat,
547 4523 596 4577 sed
613 4535 645 4577 ut
660 4523 723 4593 ipsa
737 4522 879 4577 comestio
899 4522 1062 4576 calidorum
1082 4536 1179 4592 perse
1198 4521 1291 4591 posita
1311 4531 1435 4576 mortem
1457 4537 1515 4575 non
1537 4521 1666 4586 inducat,
1684 4521 1733 4576 sed

401 4613 620 4668 medicamentis
645 4612 830 4683 impediatur.
855 4611 903 4666 Sic
926 4624 953 4667 et
978 4610 1147 4682 punitiones
1172 4610 1385 4666 medicamenta
1407 4610 1435 4665 in
1458 4611 1572 4666 actibus
1596 4611 1734 4666 humanis

398 4703 469 4774 ipsis
492 4703 663 4758 hominibus
685 4714 887 4773 apponuntur,
909 4717 968 4755 non
992 4713 1025 4756 ut
1043 4717 1131 4756 causa
1151 4717 1184 4754 ex
1204 4716 1263 4770 qua
1284 4700 1419 4755 volebant
1438 4712 1466 4755 et
1485 4700 1617 4769 agebant,
1639 4702 1734 4756 consi-

400 4792 496 4848 derata
520 4804 552 4847 ut
575 4809 633 4846 non
659 4791 799 4863 impedita
820 4803 848 4845 et
873 4801 906 4846 ut
930 4791 958 4845 in
983 4789 1176 4862 dispositione
1201 4789 1250 4843 illa
1274 4789 1303 4843 in
1327 4806 1387 4860 qua
1410 4801 1469 4844 crat
1493 4805 1580 4844 causa
1602 4788 1732 4856 effectus,

400 4882 492 4953 ipsius
517 4898 605 4936 causa
630 4898 688 4935 non
716 4881 763 4947 sit,
791 4882 845 4935 hoc
869 4880 947 4934 enim
974 4892 1049 4935 esset
1072 4880 1214 4945 otiosum,
1242 4879 1291 4934 sed
1319 4892 1351 4934 ut
1376 4880 1437 4949 ipsa
1462 4895 1550 4933 causa
1574 4895 1624 4951 per
1646 4896 1675 4933 se
1697 4880 1734 4934 ab

399 4970 502 5027 ellectu
522 4970 707 5042 impediatur.
728 4970 866 5025 Absentia
884 4970 963 5024 enim
983 4970 1183 5041 impedimenti
1205 4969 1277 5023 nibil
1297 4970 1365 5024 lacit
1379 4968 1415 5023 ad
1432 4971 1488 5024 hoc
1505 4981 1537 5024 ut
1551 4969 1588 5024 sit
1602 4968 1732 5035 effectus,

401 5061 455 5115 nisi
477 5072 592 5116 tantum
612 5060 789 5115 removendo
808 5059 919 5130 aliquid
940 5059 1020 5130 quod
1042 5058 1207 5130 prohiberet
1222 5059 1258 5113 ab
1272 5058 1375 5114 effectu
1392 5058 1463 5113 illud
1484 5058 1564 5130 quod
1585 5071 1628 5114 est
1647 5075 1735 5114 causa

401 5166 449 5225 per
465 5166 494 5204 se
510 5148 638 5205 effectus.
658 5149 712 5206 Dic
729 5148 938 5223 Impossibilia,
957 5166 984 5219 p.
1002 5148 1093 5221 24-26.
1110 5149 1200 5203 Teste
1216 5165 1283 5203 revu
1300 5164 1350 5204 sur
1366 5150 1389 5203 le
1406 5164 1460 5203 ms,
