4872 6552
1259 868 1463 945 *ὀμ

694 1085 761 1134 non
795 1071 1026 1134 conuenienter
1061 1083 1217 1153 ponentes
1250 1089 1310 1132 suo
1344 1067 1577 1145 fundamento,
1613 1070 1689 1132 istas
1723 1069 1921 1132 substantias
1956 1078 2028 1130 actu

691 1179 859 1243 distinctas
878 1179 976 1243 vnius
996 1180 1028 1241 in
1050 1178 1198 1253 essendo,
1219 1177 1326 1240 simile
1345 1176 1497 1241 facientes
1516 1197 1553 1240 ac
1572 1178 1597 1239 si
1619 1196 1684 1239 vna
1706 1177 1826 1260 species
1849 1176 2029 1239 substantie

692 1286 824 1349 alteram
851 1286 1025 1369 perficeret,
1048 1299 1079 1349 et
1100 1286 1204 1348 eidem
1227 1304 1296 1348 esse
1318 1283 1439 1348 tribuat
1460 1285 1605 1348 raciones
1626 1285 1758 1367 quibus

1333 1661 1389 1744 llll

650 1947 662 1989 5
773 1931 934 2013 [Qluestio
952 1943 1000 1993 est
1021 1942 1131 1992 utrum
1152 1929 1276 2011 aliquid
1301 1930 1400 2012 possit
1420 1930 1545 1992 moueri
1561 1948 1579 1991 a
1594 1948 1627 1991 se
1648 1929 1730 2011 ipso,
1746 1941 1777 1991 et
1796 1926 1925 1990 uidetur
1939 1926 2027 2010 quod

691 2040 746 2101 sic.
765 2038 850 2101 Nam
867 2040 892 2101 si
915 2058 1090 2121 possumus
1104 2036 1273 2101 ostendere
1287 2038 1375 2120 quod
1397 2037 1541 2100 raciones
1561 2037 1622 2099 hoc
1635 2035 1842 2099 ostendentes
1862 2034 2028 2097 inconclu-

690 2146 781 2221 dant,
798 2145 1008 2208 videturesse
1027 2143 1272 2208 concedendum
1289 2145 1377 2227 quod
1399 2144 1485 2206 idem
1507 2145 1608 2226 possit
1628 2163 1660 2206 se
1680 2144 1788 2226 ipsum
1811 2161 1952 2204 mouere.
1975 2140 2028 2203 Sic

690 2253 901 2334 enim-arguit
921 2252 1138 2335 philosophus
1153 2253 1215 2334 vij0
1230 2252 1441 2335 phisicorum.
1463 2250 1496 2314 Si
1513 2264 1617 2314 totum
1640 2263 1785 2313 moueret
1800 2269 1832 2312 se
1848 2250 1956 2331 ipsum
1973 2267 2028 2331 per

691 2380 724 2422 se
747 2373 778 2423 et
802 2361 920 2443 primo,
945 2379 1011 2423 non
1034 2361 1210 2443 quiesceret
1233 2361 1298 2422 alio
1322 2361 1516 2443 quiescente.
1545 2358 1705 2422 Videmus
1727 2358 1816 2420 enim
1839 2356 1928 2439 quod
1950 2357 2027 2439 quia

633 2497 662 2527 ιο
692 2468 809 2530 habere
824 2482 886 2530 tres
901 2468 989 2550 quod
1009 2469 1164 2550 competit
1182 2466 1346 2549 triangulo
1366 2468 1485 2550 primo,
1501 2467 1526 2529 si
1543 2467 1584 2530 ab
1599 2467 1690 2528 omni
1707 2465 1772 2528 alio
1791 2464 1955 2528 tolleretur
1971 2464 2027 2526 hec

692 2578 810 2657 passio,
826 2574 934 2638 adhuc
952 2588 1145 2657 competeret
1164 2574 1328 2657 triangulo
1348 2573 1465 2637 habere
1484 2587 1558 2637 tres.
1582 2572 1665 2655 Ergo
1680 2574 1706 2635 si
1724 2592 1855 2635 mouere
1870 2592 1902 2635 se
1918 2572 2025 2654 ipsum

689 2696 884 2766 competeret
904 2684 959 2746 toti
983 2702 1037 2765 per
1053 2702 1085 2745 se
1104 2696 1135 2745 et
1155 2684 1273 2765 primo,
1290 2683 1316 2744 si
1336 2682 1378 2744 ab
1397 2681 1489 2745 omni
1510 2681 1575 2744 alio
1595 2680 1759 2745 tolleretur
1779 2693 1899 2753 motus,
1920 2678 2027 2741 adhuc

689 2804 884 2873 competeret
902 2791 960 2853 toti
983 2790 1119 2853 moueri.
1142 2789 1205 2852 Sed
1226 2809 1292 2852 non
1315 2803 1403 2852 mota
1424 2802 1522 2871 parte,
1544 2808 1612 2851 non
1633 2801 1784 2851 mouetur
1803 2800 1920 2850 toturn.
1944 2785 2027 2869 Ergo

691 2898 750 2980 ipsi
766 2898 824 2960 toti
843 2916 909 2959 non
924 2898 1080 2979 competit
1096 2916 1228 2959 mouere
1243 2917 1275 2959 se
1291 2898 1399 2979 ipsum
1418 2915 1472 2979 per
1486 2915 1519 2958 se
1533 2910 1565 2959 et
1580 2896 1698 2978 primo.

632 3021 661 3064 rs
772 3004 839 3068 Hec
853 3017 960 3067 autem
979 3006 1075 3078 racio,
1092 3005 1118 3066 si
1135 3004 1216 3067 bene
1231 3004 1465 3078 consideratur,
1480 3023 1546 3067 non
1564 3004 1666 3085 magis
1680 3004 1785 3085 arguit
1799 3000 1887 3085 quod
1903 2999 2025 3083 aliquid

691 3131 758 3174 non
782 3113 883 3194 possit
906 3112 1030 3173 moueri
1052 3131 1070 3173 a
1092 3130 1125 3173 se
1149 3112 1220 3194 ipso
1243 3112 1360 3194 primo,
1384 3131 1483 3193 quarn
1506 3110 1594 3193 quod
1621 3129 1687 3173 non
1711 3110 1813 3192 possit
1836 3109 1960 3171 moueri
1985 3107 2026 3170 ab

690 3219 766 3281 alio.
788 3218 872 3281 Nam
894 3219 919 3280 si
941 3232 1125 3282 moueretur
1143 3218 1185 3281 ab
1204 3217 1281 3294 aliu,
1301 3219 1485 3301 quiescente
1507 3232 1605 3301 parte,
1627 3237 1695 3280 non
1718 3230 1902 3280 moueretur
1921 3229 2025 3279 toturn

689 3346 763 3389 cum
781 3345 855 3408 ergo
871 3344 938 3388 non
955 3345 1110 3408 negemus
1125 3325 1248 3408 aliquid
1266 3345 1357 3408 posse
1373 3328 1384 3368 1
1399 3326 1524 3388 moueri
1540 3346 1558 3388 a
1573 3345 1605 3388 se
1621 3326 1691 3407 ipso
1708 3326 1824 3408 primo.

772 3434 927 3507 Preterea,
945 3433 970 3494 si
990 3432 1100 3515 aliqua
1119 3452 1216 3495 causa
1236 3446 1284 3496 est
1304 3446 1545 3516 propterquam
1563 3433 1624 3496 hoc
1640 3433 1746 3514 negari
1762 3431 1887 3508 debeat,
1905 3433 1966 3495 hoc
1980 3445 2027 3495 est

629 3571 661 3602 20
689 3542 766 3624 quia
787 3540 872 3603 idern
894 3539 1075 3603 secundum
1096 3540 1182 3603 idern
1204 3560 1271 3603 non
1289 3553 1476 3622 potestesse
1491 3542 1524 3602 in
1541 3542 1689 3623 potencia
1704 3553 1735 3603 et
1750 3541 1783 3602 in
1799 3553 1883 3603 actu.
1901 3539 1934 3603 Si
1951 3559 2026 3623 ergo

690 3648 824 3731 aliquod
848 3661 954 3711 totum
981 3662 1126 3711 moueret
1147 3667 1181 3710 se
1203 3649 1311 3730 ipsum
1338 3667 1394 3731 per
1414 3668 1447 3710 se
1470 3661 1501 3711 et
1525 3649 1642 3738 primo,
1658 3660 1737 3709 tunc
1762 3646 1860 3722 idem,
1884 3646 2025 3739 utillud

690 3768 808 3830 totum,
826 3768 857 3818 et
878 3754 1059 3818 secundum
1081 3756 1180 3831 idem,
1197 3768 1227 3818 et
1246 3756 1426 3818 secundum
1449 3775 1482 3818 se
1502 3732 1931 3840 totum*e“s}'e't'in'potencia
1945 3770 1975 3820 et
1991 3759 2024 3819 in

689 3876 775 3938 actu,
795 3860 884 3944 quod
903 3875 950 3925 est
970 3863 1218 3925 inconueniens.
1243 3861 1305 3924 Sed
1326 3862 1474 3945 [541001.
1493 3863 1538 3946 b.]
1560 3865 1645 3927 racio
1665 3884 1733 3928 non
1753 3864 1882 3928 uidetur
1895 3864 2026 3928 conclu-

689 3970 773 4032 dere.
799 3969 874 4032 Non
896 3982 943 4032 est
963 3971 1051 4032 enim
1077 3972 1313 4033 inconueniens
1335 3970 1459 4054 aliquid
1478 3991 1547 4034 esse
1566 3971 1747 4035 uirtualiter
1765 3970 1828 4034 tale
1846 3970 1934 4054 quod
1957 3991 2024 4034 non

629 4094 659 4137 25
689 4090 736 4139 est
758 4076 937 4139 formaliter
956 4076 1030 4151 tale,
1054 4090 1089 4140 ut
1110 4061 1212 4140 solem
1236 4078 1416 4141 uirtualiter
1433 4078 1590 4154 calidum,
1610 4080 1666 4161 qui
1690 4098 1757 4141 non
1779 4092 1826 4141 est
1847 4078 2026 4141 formaliter

688 4182 823 4245 calidus.
846 4183 931 4246 Cum
951 4203 1027 4266 ergo
1046 4184 1184 4248 sufficiat
1203 4184 1243 4247 ad
1263 4185 1425 4267 agendum
1442 4186 1530 4269 quod
1550 4186 1674 4269 aliquid
1694 4187 1735 4248 sit
1755 4186 1935 4249 uirtualiter
1949 4185 2023 4259 tale,

689 4304 720 4353 et
734 4290 873 4353 sufficiat
887 4289 927 4352 ad
944 4290 1138 4373 pariendum
1156 4306 1191 4355 ut
1206 4297 1218 4335 ²
1239 4312 1305 4355 non
1327 4294 1366 4355 sit
1386 4292 1565 4356 formaliter
1581 4293 1662 4355 illud
1683 4293 1782 4369 idem,
1799 4306 1834 4355 ut
1854 4307 1900 4356 est
1918 4307 2026 4356 actua-

690 4396 761 4460 liter
785 4396 859 4472 tale‚
886 4411 956 4479 aget
983 4399 1016 4460 in
1044 4418 1076 4461 se
1103 4400 1225 4481 ipsum,
1253 4413 1348 4482 prout
1373 4413 1457 4463 caret
1483 4399 1662 4463 formaliter
1686 4400 1753 4464 illo.
1782 4401 1837 4464 Est
1860 4401 1962 4476 enim,
1990 4414 2025 4464 ut

689 4504 828 4579 videtur,
857 4505 916 4567 ista
944 4507 1126 4588 proposicio
1153 4506 1244 4580 falsa,
1271 4507 1359 4590 quod
1387 4507 1471 4569 idem
1500 4508 1681 4570 secundum
1710 4507 1795 4571 idem
1824 4527 1890 4570 non
1917 4521 1963 4571 est
1990 4509 2022 4569 in

629 4630 660 4672 30
689 4613 836 4694 potencia
858 4625 888 4675 et
910 4613 943 4674 in
966 4626 1051 4675 actu.
1076 4613 1138 4677 Sed
1162 4627 1209 4677 est
1233 4613 1277 4676 ibi
1299 4613 1486 4677 addendum
1510 4616 1597 4698 quod
1623 4615 1709 4678 idem
1732 4615 1913 4678 secundum
1938 4616 2022 4679 idem

688 4731 718 4780 et
740 4717 854 4780 eodem
881 4718 980 4782 modo
1005 4740 1071 4782 non
1096 4722 1200 4782 estin
1227 4722 1373 4803 potencia
1397 4736 1427 4784 et
1452 4723 1485 4784 in
1509 4737 1594 4786 actu.
1622 4723 1740 4786 Poterit
1763 4743 1837 4805 ergo
1861 4736 1965 4786 totum
1991 4742 2024 4785 se

689 4844 820 4888 mouere
840 4839 945 4888 totum
966 4842 996 4890 ct
1015 4840 1134 4903 totum,
1155 4841 1259 4891 totum
1281 4830 1314 4890 in
1335 4848 1368 4891 se
1387 4849 1490 4911 agere,
1511 4845 1541 4893 et
1560 4843 1664 4893 totum
1685 4850 1753 4893 esse
1773 4832 1806 4892 in
1829 4832 1975 4913 potencia
1993 4843 2024 4892 et

688 4946 793 4996 totum
810 4934 843 4995 in
858 4948 944 5009 actu,
960 4934 1040 4996 dum
1056 4947 1165 4998 tamen
1181 4954 1249 4998 non
1265 4936 1378 4999 eodem
1400 4938 1499 5000 modo
1514 4938 1555 5000 sit
1571 4938 1603 4999 in
1621 4940 1767 5020 potencia
1782 4952 1812 5002 et
1827 4940 1860 5001 in
1876 4953 1961 5002 actu.

769 5158 779 5190 ¹
798 5158 893 5213 Ms:
908 5171 974 5230 post
990 5175 1029 5214 se.
1056 5192 1087 5199 -
1108 5160 1119 5192 ¹
1138 5161 1282 5217 Ms=et
