<?xml version="1.0" encoding="UTF-8"?>
<!DOCTYPE html PUBLIC "-//W3C//DTD XHTML 1.0 Transitional//EN"
    "http://www.w3.org/TR/xhtml1/DTD/xhtml1-transitional.dtd">
<html xmlns="http://www.w3.org/1999/xhtml" xml:lang="en" lang="en">
 <head>
  <title>
</title>
<meta http-equiv="Content-Type" content="text/html;charset=utf-8" />
  <meta name='ocr-system' content='tesseract 3.04.00' />
  <meta name='ocr-capabilities' content='ocr_page ocr_carea ocr_par ocr_line ocrx_word'/>
</head>
<body>
  <div class='ocr_page' id='page_1' title='image "./sigerdebrabante00albegoog_0191.png"; bbox 0 0 4880 6546; ppageno 0'>
   <div class='ocr_carea' id='block_1_1' title="bbox 1627 902 1742 959">
    <p class='ocr_par' dir='ltr' id='par_1_1' title="bbox 1627 902 1742 959">
     <span class='ocr_line' id='line_1_1' title="bbox 1627 902 1742 959; baseline 0 0"><span class='ocrx_word' id='word_1_1' title='bbox 1627 902 1742 959; x_wconf 77' lang='lat' dir='ltr'>C&#39;Lllxlll</span> 
     </span>
    </p>
   </div>
   <div class='ocr_carea' id='block_1_2' title="bbox 411 1075 1750 3034">
    <p class='ocr_par' dir='ltr' id='par_1_2' title="bbox 411 1075 1744 1411">
     <span class='ocr_line' id='line_1_2' title="bbox 412 1075 1743 1177; baseline -0.005 -20"><span class='ocrx_word' id='word_1_2' title='bbox 412 1078 611 1177; x_wconf 68' lang='lat' dir='ltr'>teristiques</span> <span class='ocrx_word' id='word_1_3' title='bbox 641 1077 684 1156; x_wconf 91' lang='lat' dir='ltr'>de</span> <span class='ocrx_word' id='word_1_4' title='bbox 714 1108 752 1155; x_wconf 91' lang='lat' dir='ltr'>ce</span> <span class='ocrx_word' id='word_1_5' title='bbox 782 1075 947 1176; x_wconf 70' lang='lat' dir='ltr'>systeme&#39;,</span> <span class='ocrx_word' id='word_1_6' title='bbox 976 1087 1038 1175; x_wconf 89' lang='lat' dir='ltr'>qui</span> <span class='ocrx_word' id='word_1_7' title='bbox 1069 1107 1159 1154; x_wconf 89' lang='lat' dir='ltr'>nous</span> <span class='ocrx_word' id='word_1_8' title='bbox 1188 1092 1411 1175; x_wconf 64' lang='lat' dir='ltr'>permutent,</span> <span class='ocrx_word' id='word_1_9' title='bbox 1440 1085 1461 1152; x_wconf 78' lang='lat' dir='ltr'>a</span> <span class='ocrx_word' id='word_1_10' title='bbox 1491 1085 1609 1152; x_wconf 90' lang='lat' dir='ltr'>raison</span> <span class='ocrx_word' id='word_1_11' title='bbox 1638 1086 1680 1152; x_wconf 91' lang='lat' dir='ltr'>de</span> <span class='ocrx_word' id='word_1_12' title='bbox 1711 1085 1743 1151; x_wconf 86' lang='lat' dir='ltr'>la</span> 
     </span>
     <span class='ocr_line' id='line_1_3' title="bbox 411 1200 1744 1294; baseline -0.004 -21"><span class='ocrx_word' id='word_1_13' title='bbox 411 1206 635 1294; x_wconf 75' lang='lat' dir='ltr'>dependance</span> <span class='ocrx_word' id='word_1_14' title='bbox 667 1204 789 1272; x_wconf 76' lang='lat' dir='ltr'>etroite</span> <span class='ocrx_word' id='word_1_15' title='bbox 821 1204 882 1291; x_wconf 93' lang='lat' dir='ltr'>qui</span> <span class='ocrx_word' id='word_1_16' title='bbox 915 1225 958 1270; x_wconf 92' lang='lat' dir='ltr'>en</span> <span class='ocrx_word' id='word_1_17' title='bbox 992 1204 1071 1270; x_wconf 89' lang='lat' dir='ltr'>unit</span> <span class='ocrx_word' id='word_1_18' title='bbox 1103 1204 1152 1270; x_wconf 88' lang='lat' dir='ltr'>les</span> <span class='ocrx_word' id='word_1_19' title='bbox 1184 1203 1325 1290; x_wconf 88' lang='lat' dir='ltr'>parties,</span> <span class='ocrx_word' id='word_1_20' title='bbox 1358 1204 1401 1269; x_wconf 93' lang='lat' dir='ltr'>de</span> <span class='ocrx_word' id='word_1_21' title='bbox 1433 1222 1560 1290; x_wconf 77' lang='lat' dir='ltr'>penset</span> <span class='ocrx_word' id='word_1_22' title='bbox 1590 1200 1676 1290; x_wconf 90' lang='lat' dir='ltr'>qu&#39;il</span> <span class='ocrx_word' id='word_1_23' title='bbox 1713 1201 1744 1268; x_wconf 91' lang='lat' dir='ltr'>le</span> 
     </span>
     <span class='ocr_line' id='line_1_4' title="bbox 412 1320 898 1411; baseline -0.006 -23"><span class='ocrx_word' id='word_1_24' title='bbox 412 1321 597 1411; x_wconf 89' lang='lat' dir='ltr'>professait</span> <span class='ocrx_word' id='word_1_25' title='bbox 616 1320 898 1408; x_wconf 75' lang='lat' dir='ltr'>integralement.</span> 
     </span>
    </p>

    <p class='ocr_par' dir='ltr' id='par_1_3' title="bbox 412 1432 1747 2454">
     <span class='ocr_line' id='line_1_5' title="bbox 501 1432 1744 1525; baseline -0.003 -21"><span class='ocrx_word' id='word_1_26' title='bbox 501 1437 621 1517; x_wconf 80' lang='lat' dir='ltr'>Ainsi‚</span> <span class='ocrx_word' id='word_1_27' title='bbox 651 1436 791 1525; x_wconf 85' lang='lat' dir='ltr'>parlant</span> <span class='ocrx_word' id='word_1_28' title='bbox 818 1438 879 1503; x_wconf 89' lang='lat' dir='ltr'>des</span> <span class='ocrx_word' id='word_1_29' title='bbox 903 1434 1143 1523; x_wconf 88' lang='lat' dir='ltr'>intelligences</span> <span class='ocrx_word' id='word_1_30' title='bbox 1173 1434 1350 1522; x_wconf 71' lang='lat' dir='ltr'>separees,</span> <span class='ocrx_word' id='word_1_31' title='bbox 1381 1435 1404 1500; x_wconf 93' lang='lat' dir='ltr'>il</span> <span class='ocrx_word' id='word_1_32' title='bbox 1434 1434 1571 1502; x_wconf 77' lang='lat' dir='ltr'>declaro</span> <span class='ocrx_word' id='word_1_33' title='bbox 1598 1432 1744 1521; x_wconf 88' lang='lat' dir='ltr'>qu&#39;elles</span> 
     </span>
     <span class='ocr_line' id='line_1_6' title="bbox 412 1550 1745 1642; baseline -0.005 -21"><span class='ocrx_word' id='word_1_34' title='bbox 412 1554 611 1642; x_wconf 75' lang='lat' dir='ltr'>dependent</span> <span class='ocrx_word' id='word_1_35' title='bbox 635 1556 678 1621; x_wconf 88' lang='lat' dir='ltr'>de</span> <span class='ocrx_word' id='word_1_36' title='bbox 706 1553 739 1619; x_wconf 87' lang='lat' dir='ltr'>la</span> <span class='ocrx_word' id='word_1_37' title='bbox 767 1572 871 1620; x_wconf 88' lang='lat' dir='ltr'>cause</span> <span class='ocrx_word' id='word_1_38' title='bbox 896 1551 1081 1639; x_wconf 76' lang='lat' dir='ltr'>premiere.</span> <span class='ocrx_word' id='word_1_39' title='bbox 1110 1551 1200 1617; x_wconf 83' lang='lat' dir='ltr'>Mais</span> <span class='ocrx_word' id='word_1_40' title='bbox 1227 1550 1311 1617; x_wconf 90' lang='lat' dir='ltr'>elles</span> <span class='ocrx_word' id='word_1_41' title='bbox 1339 1564 1421 1617; x_wconf 89' lang='lat' dir='ltr'>sont</span> <span class='ocrx_word' id='word_1_42' title='bbox 1445 1553 1487 1618; x_wconf 90' lang='lat' dir='ltr'>de</span> <span class='ocrx_word' id='word_1_43' title='bbox 1515 1550 1594 1617; x_wconf 90' lang='lat' dir='ltr'>telle</span> <span class='ocrx_word' id='word_1_44' title='bbox 1620 1564 1745 1617; x_wconf 90' lang='lat' dir='ltr'>nature</span> 
     </span>
     <span class='ocr_line' id='line_1_7' title="bbox 413 1666 1744 1757; baseline -0.005 -20"><span class='ocrx_word' id='word_1_45' title='bbox 413 1669 557 1757; x_wconf 86' lang='lat' dir='ltr'>qu&#39;elles</span> <span class='ocrx_word' id='word_1_46' title='bbox 589 1691 631 1736; x_wconf 93' lang='lat' dir='ltr'>ne</span> <span class='ocrx_word' id='word_1_47' title='bbox 662 1683 815 1757; x_wconf 89' lang='lat' dir='ltr'>peuvent</span> <span class='ocrx_word' id='word_1_48' title='bbox 846 1689 908 1756; x_wconf 87' lang='lat' dir='ltr'>pas</span> <span class='ocrx_word' id='word_1_49' title='bbox 939 1689 982 1734; x_wconf 94' lang='lat' dir='ltr'>ne</span> <span class='ocrx_word' id='word_1_50' title='bbox 1013 1689 1075 1755; x_wconf 90' lang='lat' dir='ltr'>pas</span> <span class='ocrx_word' id='word_1_51' title='bbox 1104 1668 1188 1734; x_wconf 75' lang='lat' dir='ltr'>etse.</span> <span class='ocrx_word' id='word_1_52' title='bbox 1222 1666 1315 1733; x_wconf 86' lang='lat' dir='ltr'>Elles</span> <span class='ocrx_word' id='word_1_53' title='bbox 1345 1680 1427 1733; x_wconf 92' lang='lat' dir='ltr'>sont</span> <span class='ocrx_word' id='word_1_54' title='bbox 1459 1666 1671 1734; x_wconf 74' lang='lat' dir='ltr'>necessaires</span> <span class='ocrx_word' id='word_1_55' title='bbox 1700 1686 1744 1734; x_wconf 93' lang='lat' dir='ltr'>en</span> 
     </span>
     <span class='ocr_line' id='line_1_8' title="bbox 413 1782 1745 1873; baseline -0.004 -21"><span class='ocrx_word' id='word_1_56' title='bbox 413 1786 479 1867; x_wconf 85' lang='lat' dir='ltr'>soi,</span> <span class='ocrx_word' id='word_1_57' title='bbox 506 1785 595 1852; x_wconf 88' lang='lat' dir='ltr'>ainsi</span> <span class='ocrx_word' id='word_1_58' title='bbox 620 1806 689 1872; x_wconf 91' lang='lat' dir='ltr'>que</span> <span class='ocrx_word' id='word_1_59' title='bbox 714 1786 745 1853; x_wconf 90' lang='lat' dir='ltr'>le</span> <span class='ocrx_word' id='word_1_60' title='bbox 772 1800 915 1873; x_wconf 83' lang='lat' dir='ltr'>rapport</span> <span class='ocrx_word' id='word_1_61' title='bbox 940 1785 1002 1872; x_wconf 91' lang='lat' dir='ltr'>qui</span> <span class='ocrx_word' id='word_1_62' title='bbox 1029 1784 1078 1851; x_wconf 92' lang='lat' dir='ltr'>les</span> <span class='ocrx_word' id='word_1_63' title='bbox 1105 1783 1148 1850; x_wconf 94' lang='lat' dir='ltr'>lie</span> <span class='ocrx_word' id='word_1_64' title='bbox 1173 1783 1193 1849; x_wconf 75' lang='lat' dir='ltr'>a</span> <span class='ocrx_word' id='word_1_65' title='bbox 1220 1782 1252 1849; x_wconf 87' lang='lat' dir='ltr'>la</span> <span class='ocrx_word' id='word_1_66' title='bbox 1277 1803 1382 1850; x_wconf 89' lang='lat' dir='ltr'>cause</span> <span class='ocrx_word' id='word_1_67' title='bbox 1406 1782 1578 1870; x_wconf 77' lang='lat' dir='ltr'>premiere</span> <span class='ocrx_word' id='word_1_68' title='bbox 1600 1787 1623 1847; x_wconf 86' lang='lat'>1.</span> <span class='ocrx_word' id='word_1_69' title='bbox 1650 1782 1745 1849; x_wconf 86' lang='lat' dir='ltr'>Cette</span> 
     </span>
     <span class='ocr_line' id='line_1_9' title="bbox 414 1898 1746 1986; baseline -0.002 -19"><span class='ocrx_word' id='word_1_70' title='bbox 414 1901 560 1982; x_wconf 78' lang='lat' dir='ltr'>theone,</span> <span class='ocrx_word' id='word_1_71' title='bbox 583 1921 724 1969; x_wconf 91' lang='lat' dir='ltr'>comme</span> <span class='ocrx_word' id='word_1_72' title='bbox 745 1921 792 1968; x_wconf 89' lang='lat' dir='ltr'>on</span> <span class='ocrx_word' id='word_1_73' title='bbox 815 1901 845 1967; x_wconf 93' lang='lat' dir='ltr'>le</span> <span class='ocrx_word' id='word_1_74' title='bbox 867 1900 951 1980; x_wconf 90' lang='lat' dir='ltr'>voit,</span> <span class='ocrx_word' id='word_1_75' title='bbox 977 1900 1033 1966; x_wconf 93' lang='lat' dir='ltr'>nie</span> <span class='ocrx_word' id='word_1_76' title='bbox 1055 1900 1087 1965; x_wconf 88' lang='lat' dir='ltr'>la</span> <span class='ocrx_word' id='word_1_77' title='bbox 1108 1899 1230 1967; x_wconf 73' lang='lat' dir='ltr'>liberte</span> <span class='ocrx_word' id='word_1_78' title='bbox 1252 1900 1294 1966; x_wconf 93' lang='lat' dir='ltr'>de</span> <span class='ocrx_word' id='word_1_79' title='bbox 1317 1899 1405 1966; x_wconf 92' lang='lat' dir='ltr'>Dieu</span> <span class='ocrx_word' id='word_1_80' title='bbox 1428 1898 1518 1967; x_wconf 88' lang='lat' dir='ltr'>dans</span> <span class='ocrx_word' id='word_1_81' title='bbox 1543 1898 1574 1965; x_wconf 90' lang='lat' dir='ltr'>la</span> <span class='ocrx_word' id='word_1_82' title='bbox 1596 1899 1746 1986; x_wconf 90' lang='lat' dir='ltr'>produc·</span> 
     </span>
     <span class='ocr_line' id='line_1_10' title="bbox 414 2014 1747 2104; baseline -0.003 -21"><span class='ocrx_word' id='word_1_83' title='bbox 414 2017 489 2085; x_wconf 90' lang='lat' dir='ltr'>tion</span> <span class='ocrx_word' id='word_1_84' title='bbox 521 2019 568 2085; x_wconf 89' lang='lat' dir='ltr'>du</span> <span class='ocrx_word' id='word_1_85' title='bbox 602 2019 749 2097; x_wconf 85' lang='lat' dir='ltr'>monde,</span> <span class='ocrx_word' id='word_1_86' title='bbox 782 2017 873 2084; x_wconf 89' lang='lat' dir='ltr'>ainsi</span> <span class='ocrx_word' id='word_1_87' title='bbox 906 2037 975 2104; x_wconf 92' lang='lat' dir='ltr'>que</span> <span class='ocrx_word' id='word_1_88' title='bbox 1007 2017 1040 2083; x_wconf 90' lang='lat' dir='ltr'>la</span> <span class='ocrx_word' id='word_1_89' title='bbox 1070 2015 1264 2104; x_wconf 75' lang='lat' dir='ltr'>possibilite</span> <span class='ocrx_word' id='word_1_90' title='bbox 1296 2018 1339 2083; x_wconf 91' lang='lat' dir='ltr'>de</span> <span class='ocrx_word' id='word_1_91' title='bbox 1370 2036 1407 2082; x_wconf 83' lang='lat' dir='ltr'>sa</span> <span class='ocrx_word' id='word_1_92' title='bbox 1437 2014 1668 2082; x_wconf 85' lang='lat' dir='ltr'><strong>destruction.</strong></span> <span class='ocrx_word' id='word_1_93' title='bbox 1704 2016 1747 2080; x_wconf 87' lang='lat' dir='ltr'>Et</span> 
     </span>
     <span class='ocr_line' id='line_1_11' title="bbox 415 2131 1747 2222; baseline -0.002 -22"><span class='ocrx_word' id='word_1_94' title='bbox 415 2155 517 2222; x_wconf 82' lang='lat' dir='ltr'>parce</span> <span class='ocrx_word' id='word_1_95' title='bbox 538 2155 607 2222; x_wconf 88' lang='lat' dir='ltr'>que</span> <span class='ocrx_word' id='word_1_96' title='bbox 624 2134 722 2221; x_wconf 76' lang='lat' dir='ltr'>Sigei</span> <span class='ocrx_word' id='word_1_97' title='bbox 743 2154 778 2200; x_wconf 93' lang='lat' dir='ltr'>se</span> <span class='ocrx_word' id='word_1_98' title='bbox 802 2132 887 2200; x_wconf 88' lang='lat' dir='ltr'>rend</span> <span class='ocrx_word' id='word_1_99' title='bbox 910 2146 1049 2220; x_wconf 89' lang='lat' dir='ltr'>compte</span> <span class='ocrx_word' id='word_1_100' title='bbox 1069 2131 1156 2219; x_wconf 91' lang='lat' dir='ltr'>qu&#39;il</span> <span class='ocrx_word' id='word_1_101' title='bbox 1178 2147 1230 2199; x_wconf 84' lang='lat' dir='ltr'>est</span> <span class='ocrx_word' id='word_1_102' title='bbox 1252 2133 1294 2201; x_wconf 91' lang='lat' dir='ltr'>ici</span> <span class='ocrx_word' id='word_1_103' title='bbox 1316 2154 1360 2200; x_wconf 93' lang='lat' dir='ltr'>en</span> <span class='ocrx_word' id='word_1_104' title='bbox 1383 2131 1642 2200; x_wconf 87' lang='lat' dir='ltr'>contradiction</span> <span class='ocrx_word' id='word_1_105' title='bbox 1664 2151 1747 2198; x_wconf 88' lang='lat' dir='ltr'>avec</span> 
     </span>
     <span class='ocr_line' id='line_1_12' title="bbox 415 2247 1745 2338; baseline -0.003 -22"><span class='ocrx_word' id='word_1_106' title='bbox 415 2250 706 2338; x_wconf 88' lang='lat' dir='ltr'>l’enseignement</span> <span class='ocrx_word' id='word_1_107' title='bbox 730 2249 902 2329; x_wconf 77' lang='lat' dir='ltr'>chretien‚</span> <span class='ocrx_word' id='word_1_108' title='bbox 930 2249 952 2314; x_wconf 93' lang='lat' dir='ltr'>il</span> <span class='ocrx_word' id='word_1_109' title='bbox 980 2270 999 2314; x_wconf 87' lang='lat' dir='ltr'>a</span> <span class='ocrx_word' id='word_1_110' title='bbox 1025 2249 1104 2316; x_wconf 92' lang='lat' dir='ltr'>soin</span> <span class='ocrx_word' id='word_1_111' title='bbox 1133 2249 1316 2336; x_wconf 86' lang='lat' dir='ltr'>d&#39;ajouter‚</span> <span class='ocrx_word' id='word_1_112' title='bbox 1344 2249 1443 2317; x_wconf 91' lang='lat' dir='ltr'>selon</span> <span class='ocrx_word' id='word_1_113' title='bbox 1469 2269 1534 2315; x_wconf 89' lang='lat' dir='ltr'>son</span> <span class='ocrx_word' id='word_1_114' title='bbox 1564 2247 1745 2327; x_wconf 87' lang='lat' dir='ltr'>habitude,</span> 
     </span>
     <span class='ocr_line' id='line_1_13' title="bbox 415 2364 1356 2454; baseline -0.005 -21"><span class='ocrx_word' id='word_1_115' title='bbox 415 2366 500 2454; x_wconf 90' lang='lat' dir='ltr'>qu&#39;il</span> <span class='ocrx_word' id='word_1_116' title='bbox 522 2366 573 2433; x_wconf 91' lang='lat' dir='ltr'>dit</span> <span class='ocrx_word' id='word_1_117' title='bbox 591 2366 665 2434; x_wconf 90' lang='lat' dir='ltr'>cela</span> <span class='ocrx_word' id='word_1_118' title='bbox 683 2366 820 2453; x_wconf 72' lang='lat' dir='ltr'>d’apres</span> <span class='ocrx_word' id='word_1_119' title='bbox 840 2364 1012 2452; x_wconf 91' lang='lat' dir='ltr'>l&#39;opinion</span> <span class='ocrx_word' id='word_1_120' title='bbox 1033 2366 1094 2431; x_wconf 92' lang='lat' dir='ltr'>des</span> <span class='ocrx_word' id='word_1_121' title='bbox 1113 2364 1356 2452; x_wconf 88' lang='lat' dir='ltr'>philosophes.</span> 
     </span>
    </p>

    <p class='ocr_par' dir='ltr' id='par_1_4' title="bbox 416 2480 1750 3034">
     <span class='ocr_line' id='line_1_14' title="bbox 505 2480 1748 2568; baseline -0.002 -20"><span class='ocrx_word' id='word_1_122' title='bbox 505 2482 753 2549; x_wconf 88' lang='lat' dir='ltr'>Pareillement</span> <span class='ocrx_word' id='word_1_123' title='bbox 776 2501 915 2559; x_wconf 80' lang='lat' dir='ltr'><strong>encore,</strong></span> <span class='ocrx_word' id='word_1_124' title='bbox 941 2480 1041 2568; x_wconf 87' lang='lat' dir='ltr'>Siger</span> <span class='ocrx_word' id='word_1_125' title='bbox 1064 2501 1156 2548; x_wconf 92' lang='lat' dir='ltr'>nous</span> <span class='ocrx_word' id='word_1_126' title='bbox 1179 2482 1337 2568; x_wconf 87' lang='lat' dir='ltr'>apprend</span> <span class='ocrx_word' id='word_1_127' title='bbox 1362 2501 1431 2567; x_wconf 89' lang='lat' dir='ltr'>que</span> <span class='ocrx_word' id='word_1_128' title='bbox 1456 2480 1544 2547; x_wconf 89' lang='lat' dir='ltr'>Dieu</span> <span class='ocrx_word' id='word_1_129' title='bbox 1573 2481 1660 2548; x_wconf 88' lang='lat' dir='ltr'>n&#39;est</span> <span class='ocrx_word' id='word_1_130' title='bbox 1686 2500 1748 2567; x_wconf 90' lang='lat' dir='ltr'>pas</span> 
     </span>
     <span class='ocr_line' id='line_1_15' title="bbox 417 2596 1746 2684; baseline -0.002 -20"><span class='ocrx_word' id='word_1_131' title='bbox 417 2599 447 2664; x_wconf 88' lang='lat' dir='ltr'>la</span> <span class='ocrx_word' id='word_1_132' title='bbox 476 2619 579 2666; x_wconf 88' lang='lat' dir='ltr'>cause</span> <span class='ocrx_word' id='word_1_133' title='bbox 607 2599 648 2664; x_wconf 93' lang='lat' dir='ltr'>de</span> <span class='ocrx_word' id='word_1_134' title='bbox 677 2610 756 2664; x_wconf 89' lang='lat' dir='ltr'>tous</span> <span class='ocrx_word' id='word_1_135' title='bbox 786 2596 834 2662; x_wconf 90' lang='lat' dir='ltr'>les</span> <span class='ocrx_word' id='word_1_136' title='bbox 862 2598 951 2663; x_wconf 74' lang='lat' dir='ltr'>dtres</span> <span class='ocrx_word' id='word_1_137' title='bbox 979 2596 1187 2684; x_wconf 90' lang='lat' dir='ltr'>physiques‚</span> <span class='ocrx_word' id='word_1_138' title='bbox 1218 2596 1253 2662; x_wconf 93' lang='lat' dir='ltr'>ni</span> <span class='ocrx_word' id='word_1_139' title='bbox 1283 2609 1396 2683; x_wconf 87' lang='lat' dir='ltr'>quant</span> <span class='ocrx_word' id='word_1_140' title='bbox 1420 2596 1439 2661; x_wconf 78' lang='lat' dir='ltr'>d</span> <span class='ocrx_word' id='word_1_141' title='bbox 1465 2596 1498 2662; x_wconf 82' lang='lat' dir='ltr'>ln</span> <span class='ocrx_word' id='word_1_142' title='bbox 1525 2597 1682 2676; x_wconf 75' lang='lat' dir='ltr'>matiere,</span> <span class='ocrx_word' id='word_1_143' title='bbox 1711 2596 1746 2663; x_wconf 93' lang='lat' dir='ltr'>ni</span> 
     </span>
     <span class='ocr_line' id='line_1_16' title="bbox 416 2710 1747 2802; baseline -0.002 -21"><span class='ocrx_word' id='word_1_144' title='bbox 416 2714 573 2802; x_wconf 74' lang='lat' dir='ltr'>quanta</span> <span class='ocrx_word' id='word_1_145' title='bbox 599 2714 631 2780; x_wconf 88' lang='lat' dir='ltr'>la</span> <span class='ocrx_word' id='word_1_146' title='bbox 658 2711 784 2781; x_wconf 83' lang='lat' dir='ltr'>forme.</span> <span class='ocrx_word' id='word_1_147' title='bbox 813 2713 863 2779; x_wconf 89' lang='lat' dir='ltr'>La</span> <span class='ocrx_word' id='word_1_148' title='bbox 890 2712 1034 2778; x_wconf 78' lang='lat' dir='ltr'>matiere</span> <span class='ocrx_word' id='word_1_149' title='bbox 1059 2732 1079 2779; x_wconf 92' lang='lat' dir='ltr'>a</span> <span class='ocrx_word' id='word_1_150' title='bbox 1105 2733 1142 2778; x_wconf 82' lang='lat' dir='ltr'>sa</span> <span class='ocrx_word' id='word_1_151' title='bbox 1169 2712 1287 2779; x_wconf 87' lang='lat' dir='ltr'>raison</span> <span class='ocrx_word' id='word_1_152' title='bbox 1315 2712 1421 2778; x_wconf 75' lang='lat' dir='ltr'>d&#39;etre</span> <span class='ocrx_word' id='word_1_153' title='bbox 1445 2712 1535 2778; x_wconf 87' lang='lat' dir='ltr'>dans</span> <span class='ocrx_word' id='word_1_154' title='bbox 1561 2712 1594 2779; x_wconf 87' lang='lat' dir='ltr'>la</span> <span class='ocrx_word' id='word_1_155' title='bbox 1621 2710 1747 2793; x_wconf 87' lang='lat' dir='ltr'>forme,</span> 
     </span>
     <span class='ocr_line' id='line_1_17' title="bbox 416 2827 1747 2917; baseline -0.003 -20"><span class='ocrx_word' id='word_1_156' title='bbox 416 2845 449 2897; x_wconf 92' lang='lat' dir='ltr'>et</span> <span class='ocrx_word' id='word_1_157' title='bbox 473 2828 603 2897; x_wconf 90' lang='lat' dir='ltr'>celle-ci</span> <span class='ocrx_word' id='word_1_158' title='bbox 628 2842 680 2896; x_wconf 87' lang='lat' dir='ltr'>est</span> <span class='ocrx_word' id='word_1_159' title='bbox 705 2829 868 2917; x_wconf 91' lang='lat' dir='ltr'>produite</span> <span class='ocrx_word' id='word_1_160' title='bbox 894 2848 958 2916; x_wconf 87' lang='lat' dir='ltr'>par</span> <span class='ocrx_word' id='word_1_161' title='bbox 983 2850 1030 2894; x_wconf 92' lang='lat' dir='ltr'>un</span> <span class='ocrx_word' id='word_1_162' title='bbox 1057 2842 1161 2915; x_wconf 83' lang='lat' dir='ltr'>agent</span> <span class='ocrx_word' id='word_1_163' title='bbox 1184 2827 1373 2915; x_wconf 88' lang='lat' dir='ltr'>physique‚</span> <span class='ocrx_word' id='word_1_164' title='bbox 1399 2840 1513 2894; x_wconf 92' lang='lat' dir='ltr'>toutes</span> <span class='ocrx_word' id='word_1_165' title='bbox 1538 2828 1663 2895; x_wconf 86' lang='lat' dir='ltr'>choses</span> <span class='ocrx_word' id='word_1_166' title='bbox 1685 2828 1747 2915; x_wconf 89' lang='lat' dir='ltr'>qui</span> 
     </span>
     <span class='ocr_line' id='line_1_18' title="bbox 419 2942 1750 3034; baseline -0.002 -23"><span class='ocrx_word' id='word_1_167' title='bbox 419 2946 615 3034; x_wconf 73' lang='lat' dir='ltr'>repugnent</span> <span class='ocrx_word' id='word_1_168' title='bbox 633 2947 654 3012; x_wconf 74' lang='lat' dir='ltr'>a</span> <span class='ocrx_word' id='word_1_169' title='bbox 674 2946 706 3013; x_wconf 89' lang='lat' dir='ltr'>la</span> <span class='ocrx_word' id='word_1_170' title='bbox 725 2966 829 3013; x_wconf 89' lang='lat' dir='ltr'>cause</span> <span class='ocrx_word' id='word_1_171' title='bbox 849 2945 1034 3032; x_wconf 77' lang='lat' dir='ltr'>premiere.</span> <span class='ocrx_word' id='word_1_172' title='bbox 1055 2944 1143 3010; x_wconf 89' lang='lat' dir='ltr'>Dieu</span> <span class='ocrx_word' id='word_1_173' title='bbox 1164 2943 1251 3010; x_wconf 91' lang='lat' dir='ltr'>n&#39;est</span> <span class='ocrx_word' id='word_1_174' title='bbox 1267 2964 1371 3011; x_wconf 89' lang='lat' dir='ltr'>cause</span> <span class='ocrx_word' id='word_1_175' title='bbox 1390 2943 1433 3010; x_wconf 89' lang='lat' dir='ltr'>de</span> <span class='ocrx_word' id='word_1_176' title='bbox 1453 2956 1530 3010; x_wconf 94' lang='lat' dir='ltr'>tout</span> <span class='ocrx_word' id='word_1_177' title='bbox 1546 2964 1614 3030; x_wconf 92' lang='lat' dir='ltr'>que</span> <span class='ocrx_word' id='word_1_178' title='bbox 1634 2964 1697 3031; x_wconf 88' lang='lat' dir='ltr'>par</span> <span class='ocrx_word' id='word_1_179' title='bbox 1717 2942 1750 3009; x_wconf 88' lang='lat' dir='ltr'>la</span> 
     </span>
    </p>
   </div>
   <div class='ocr_carea' id='block_1_3' title="bbox 417 3292 1754 5237">
    <p class='ocr_par' dir='ltr' id='par_1_5' title="bbox 417 3292 1754 5237">
     <span class='ocr_line' id='line_1_19' title="bbox 507 3292 1751 3366; baseline -0.001 -18"><span class='ocrx_word' id='word_1_180' title='bbox 507 3295 514 3326; x_wconf 89' lang='lat'>¹</span> <span class='ocrx_word' id='word_1_181' title='bbox 538 3294 728 3365; x_wconf 89' lang='lat' dir='ltr'>lntelligentia</span> <span class='ocrx_word' id='word_1_182' title='bbox 745 3294 890 3366; x_wconf 82' lang='lat' dir='ltr'>dependet</span> <span class='ocrx_word' id='word_1_183' title='bbox 908 3295 937 3349; x_wconf 93' lang='lat' dir='ltr'>in</span> <span class='ocrx_word' id='word_1_184' title='bbox 956 3310 1018 3349; x_wconf 90' lang='lat' dir='ltr'>esse</span> <span class='ocrx_word' id='word_1_185' title='bbox 1036 3310 1090 3349; x_wconf 90' lang='lat' dir='ltr'>suo</span> <span class='ocrx_word' id='word_1_186' title='bbox 1108 3309 1142 3348; x_wconf 84' lang='lat' dir='ltr'>ex</span> <span class='ocrx_word' id='word_1_187' title='bbox 1160 3292 1321 3349; x_wconf 84' lang='lat' dir='ltr'>extrinseco</span> <span class='ocrx_word' id='word_1_188' title='bbox 1340 3293 1416 3349; x_wconf 90' lang='lat' dir='ltr'>sicut</span> <span class='ocrx_word' id='word_1_189' title='bbox 1434 3309 1468 3348; x_wconf 84' lang='lat' dir='ltr'>ex</span> <span class='ocrx_word' id='word_1_190' title='bbox 1486 3309 1583 3358; x_wconf 87' lang='lat' dir='ltr'>causa,</span> <span class='ocrx_word' id='word_1_191' title='bbox 1599 3304 1627 3348; x_wconf 91' lang='lat' dir='ltr'>et</span> <span class='ocrx_word' id='word_1_192' title='bbox 1641 3292 1751 3364; x_wconf 85' lang='lat' dir='ltr'>privata</span> 
     </span>
     <span class='ocr_line' id='line_1_20' title="bbox 417 3381 1751 3455; baseline -0.001 -16"><span class='ocrx_word' id='word_1_193' title='bbox 417 3398 504 3439; x_wconf 85' lang='lat' dir='ltr'>causa</span> <span class='ocrx_word' id='word_1_194' title='bbox 524 3400 585 3439; x_wconf 89' lang='lat' dir='ltr'>esse</span> <span class='ocrx_word' id='word_1_195' title='bbox 604 3383 728 3440; x_wconf 85' lang='lat' dir='ltr'>alicuius</span> <span class='ocrx_word' id='word_1_196' title='bbox 749 3384 882 3455; x_wconf 89' lang='lat' dir='ltr'>sequitur</span> <span class='ocrx_word' id='word_1_197' title='bbox 902 3384 1000 3455; x_wconf 88' lang='lat' dir='ltr'>ipsum</span> <span class='ocrx_word' id='word_1_198' title='bbox 1022 3400 1081 3438; x_wconf 92' lang='lat' dir='ltr'>non</span> <span class='ocrx_word' id='word_1_199' title='bbox 1102 3399 1173 3438; x_wconf 87' lang='lat' dir='ltr'>esse.</span> <span class='ocrx_word' id='word_1_200' title='bbox 1195 3381 1281 3437; x_wconf 90' lang='lat' dir='ltr'>Unde</span> <span class='ocrx_word' id='word_1_201' title='bbox 1301 3382 1324 3436; x_wconf 90' lang='lat' dir='ltr'>si</span> <span class='ocrx_word' id='word_1_202' title='bbox 1346 3382 1474 3454; x_wconf 90' lang='lat' dir='ltr'>primurn</span> <span class='ocrx_word' id='word_1_203' title='bbox 1498 3399 1555 3437; x_wconf 91' lang='lat' dir='ltr'>non</span> <span class='ocrx_word' id='word_1_204' title='bbox 1578 3382 1625 3443; x_wconf 85' lang='lat' dir='ltr'>sit,</span> <span class='ocrx_word' id='word_1_205' title='bbox 1648 3381 1751 3438; x_wconf 87' lang='lat' dir='ltr'>intelli-</span> 
     </span>
     <span class='ocr_line' id='line_1_21' title="bbox 418 3471 1749 3544; baseline -0.001 -17"><span class='ocrx_word' id='word_1_206' title='bbox 418 3472 514 3543; x_wconf 90' lang='lat' dir='ltr'>gentia</span> <span class='ocrx_word' id='word_1_207' title='bbox 534 3489 593 3527; x_wconf 92' lang='lat' dir='ltr'>non</span> <span class='ocrx_word' id='word_1_208' title='bbox 613 3474 674 3529; x_wconf 87' lang='lat' dir='ltr'>erit.</span> <span class='ocrx_word' id='word_1_209' title='bbox 695 3473 778 3527; x_wconf 88' lang='lat' dir='ltr'>Vnde</span> <span class='ocrx_word' id='word_1_210' title='bbox 799 3472 845 3543; x_wconf 84' lang='lat'>(=</span> <span class='ocrx_word' id='word_1_211' title='bbox 864 3473 944 3544; x_wconf 88' lang='lat' dir='ltr'>quia)</span> <span class='ocrx_word' id='word_1_212' title='bbox 966 3485 1063 3528; x_wconf 88' lang='lat' dir='ltr'>autem</span> <span class='ocrx_word' id='word_1_213' title='bbox 1085 3472 1274 3543; x_wconf 78' lang='lat' dir='ltr'>intelligentia</span> <span class='ocrx_word' id='word_1_214' title='bbox 1293 3483 1370 3527; x_wconf 90' lang='lat' dir='ltr'>caret</span> <span class='ocrx_word' id='word_1_215' title='bbox 1390 3471 1519 3543; x_wconf 88' lang='lat' dir='ltr'>potentia</span> <span class='ocrx_word' id='word_1_216' title='bbox 1538 3471 1574 3526; x_wconf 88' lang='lat' dir='ltr'>ad</span> <span class='ocrx_word' id='word_1_217' title='bbox 1597 3488 1655 3526; x_wconf 93' lang='lat' dir='ltr'>non</span> <span class='ocrx_word' id='word_1_218' title='bbox 1677 3488 1749 3538; x_wconf 90' lang='lat' dir='ltr'>esse,</span> 
     </span>
     <span class='ocr_line' id='line_1_22' title="bbox 419 3560 1750 3633; baseline 0 -18"><span class='ocrx_word' id='word_1_219' title='bbox 419 3561 458 3617; x_wconf 88' lang='lat' dir='ltr'>ita</span> <span class='ocrx_word' id='word_1_220' title='bbox 475 3562 567 3633; x_wconf 93' lang='lat' dir='ltr'>quod,</span> <span class='ocrx_word' id='word_1_221' title='bbox 588 3562 681 3632; x_wconf 85' lang='lat' dir='ltr'>ipsam</span> <span class='ocrx_word' id='word_1_222' title='bbox 704 3578 763 3616; x_wconf 94' lang='lat' dir='ltr'>non</span> <span class='ocrx_word' id='word_1_223' title='bbox 784 3578 855 3628; x_wconf 89' lang='lat' dir='ltr'>esse,</span> <span class='ocrx_word' id='word_1_224' title='bbox 878 3562 964 3617; x_wconf 91' lang='lat' dir='ltr'>habet</span> <span class='ocrx_word' id='word_1_225' title='bbox 986 3574 1119 3616; x_wconf 90' lang='lat' dir='ltr'>naturam</span> <span class='ocrx_word' id='word_1_226' title='bbox 1141 3560 1343 3632; x_wconf 88' lang='lat' dir='ltr'>impossibilis,</span> <span class='ocrx_word' id='word_1_227' title='bbox 1364 3577 1424 3615; x_wconf 93' lang='lat' dir='ltr'>non</span> <span class='ocrx_word' id='word_1_228' title='bbox 1446 3572 1561 3616; x_wconf 88' lang='lat' dir='ltr'>tantum</span> <span class='ocrx_word' id='word_1_229' title='bbox 1580 3561 1650 3632; x_wconf 88' lang='lat' dir='ltr'>quia</span> <span class='ocrx_word' id='word_1_230' title='bbox 1667 3576 1750 3616; x_wconf 87' lang='lat' dir='ltr'>suam</span> 
     </span>
     <span class='ocr_line' id='line_1_23' title="bbox 419 3648 1750 3723; baseline -0.002 -18"><span class='ocrx_word' id='word_1_231' title='bbox 419 3666 536 3706; x_wconf 89' lang='lat' dir='ltr'>causam</span> <span class='ocrx_word' id='word_1_232' title='bbox 557 3666 616 3705; x_wconf 94' lang='lat' dir='ltr'>non</span> <span class='ocrx_word' id='word_1_233' title='bbox 634 3666 696 3705; x_wconf 90' lang='lat' dir='ltr'>esse</span> <span class='ocrx_word' id='word_1_234' title='bbox 713 3663 757 3706; x_wconf 92' lang='lat' dir='ltr'>est</span> <span class='ocrx_word' id='word_1_235' title='bbox 775 3650 965 3723; x_wconf 88' lang='lat' dir='ltr'>impossibile,</span> <span class='ocrx_word' id='word_1_236' title='bbox 981 3649 1030 3705; x_wconf 91' lang='lat' dir='ltr'>sed</span> <span class='ocrx_word' id='word_1_237' title='bbox 1050 3662 1184 3705; x_wconf 88' lang='lat' dir='ltr'>naturam</span> <span class='ocrx_word' id='word_1_238' title='bbox 1204 3648 1396 3721; x_wconf 84' lang='lat' dir='ltr'>impossibilis</span> <span class='ocrx_word' id='word_1_239' title='bbox 1414 3665 1448 3704; x_wconf 82' lang='lat' dir='ltr'>ex</span> <span class='ocrx_word' id='word_1_240' title='bbox 1466 3665 1505 3715; x_wconf 84' lang='lat' dir='ltr'>se,</span> <span class='ocrx_word' id='word_1_241' title='bbox 1522 3649 1590 3703; x_wconf 93' lang='lat' dir='ltr'>hinc</span> <span class='ocrx_word' id='word_1_242' title='bbox 1608 3661 1652 3705; x_wconf 89' lang='lat' dir='ltr'>est</span> <span class='ocrx_word' id='word_1_243' title='bbox 1669 3648 1750 3720; x_wconf 88' lang='lat' dir='ltr'>quod</span> 
     </span>
     <span class='ocr_line' id='line_1_24' title="bbox 418 3738 1752 3810; baseline -0.001 -16"><span class='ocrx_word' id='word_1_244' title='bbox 418 3754 600 3810; x_wconf 90' lang='lat' dir='ltr'>quocunque</span> <span class='ocrx_word' id='word_1_245' title='bbox 618 3739 779 3794; x_wconf 84' lang='lat' dir='ltr'>extrinseco</span> <span class='ocrx_word' id='word_1_246' title='bbox 797 3741 840 3794; x_wconf 89' lang='lat' dir='ltr'>vel</span> <span class='ocrx_word' id='word_1_247' title='bbox 858 3739 972 3796; x_wconf 85' lang='lat' dir='ltr'>delectu</span> <span class='ocrx_word' id='word_1_248' title='bbox 992 3738 1143 3794; x_wconf 81' lang='lat' dir='ltr'>extrinseci</span> <span class='ocrx_word' id='word_1_249' title='bbox 1163 3755 1221 3793; x_wconf 90' lang='lat' dir='ltr'>non</span> <span class='ocrx_word' id='word_1_250' title='bbox 1242 3738 1291 3794; x_wconf 87' lang='lat' dir='ltr'>fiet</span> <span class='ocrx_word' id='word_1_251' title='bbox 1312 3754 1371 3793; x_wconf 92' lang='lat' dir='ltr'>non</span> <span class='ocrx_word' id='word_1_252' title='bbox 1391 3754 1452 3804; x_wconf 89' lang='lat' dir='ltr'>ens,</span> <span class='ocrx_word' id='word_1_253' title='bbox 1473 3738 1511 3794; x_wconf 87' lang='lat' dir='ltr'>ita</span> <span class='ocrx_word' id='word_1_254' title='bbox 1529 3738 1621 3809; x_wconf 89' lang='lat' dir='ltr'>quod,</span> <span class='ocrx_word' id='word_1_255' title='bbox 1642 3738 1752 3810; x_wconf 90' lang='lat' dir='ltr'>privata</span> 
     </span>
     <span class='ocr_line' id='line_1_25' title="bbox 419 3827 1751 3900; baseline -0.001 -17"><span class='ocrx_word' id='word_1_256' title='bbox 419 3844 507 3883; x_wconf 92' lang='lat' dir='ltr'>causa</span> <span class='ocrx_word' id='word_1_257' title='bbox 524 3844 595 3893; x_wconf 90' lang='lat' dir='ltr'>esse,</span> <span class='ocrx_word' id='word_1_258' title='bbox 612 3827 815 3898; x_wconf 83' lang='lat' dir='ltr'>intelligentiae</span> <span class='ocrx_word' id='word_1_259' title='bbox 833 3828 920 3884; x_wconf 88' lang='lat' dir='ltr'>simul</span> <span class='ocrx_word' id='word_1_260' title='bbox 936 3828 1075 3884; x_wconf 85' lang='lat' dir='ltr'>accidunt</span> <span class='ocrx_word' id='word_1_261' title='bbox 1088 3828 1234 3900; x_wconf 87' lang='lat' dir='ltr'>opposita,</span> <span class='ocrx_word' id='word_1_262' title='bbox 1250 3827 1359 3883; x_wconf 89' lang='lat' dir='ltr'>scilicet</span> <span class='ocrx_word' id='word_1_263' title='bbox 1378 3843 1439 3882; x_wconf 83' lang='lat' dir='ltr'>esse</span> <span class='ocrx_word' id='word_1_264' title='bbox 1456 3838 1484 3882; x_wconf 92' lang='lat' dir='ltr'>et</span> <span class='ocrx_word' id='word_1_265' title='bbox 1502 3842 1562 3881; x_wconf 94' lang='lat' dir='ltr'>non</span> <span class='ocrx_word' id='word_1_266' title='bbox 1581 3843 1652 3893; x_wconf 90' lang='lat' dir='ltr'>esse,</span> <span class='ocrx_word' id='word_1_267' title='bbox 1669 3827 1751 3899; x_wconf 91' lang='lat' dir='ltr'>quod</span> 
     </span>
     <span class='ocr_line' id='line_1_26' title="bbox 419 3914 1751 3988; baseline -0.001 -16"><span class='ocrx_word' id='word_1_268' title='bbox 419 3915 487 3972; x_wconf 83' lang='lat' dir='ltr'>&#39;cum</span> <span class='ocrx_word' id='word_1_269' title='bbox 512 3917 548 3973; x_wconf 89' lang='lat' dir='ltr'>sit</span> <span class='ocrx_word' id='word_1_270' title='bbox 573 3916 763 3988; x_wconf 87' lang='lat' dir='ltr'>impossibile,</span> <span class='ocrx_word' id='word_1_271' title='bbox 788 3916 969 3988; x_wconf 90' lang='lat' dir='ltr'>impossibile</span> <span class='ocrx_word' id='word_1_272' title='bbox 990 3930 1034 3973; x_wconf 91' lang='lat' dir='ltr'>est</span> <span class='ocrx_word' id='word_1_273' title='bbox 1055 3933 1118 3971; x_wconf 86' lang='lat' dir='ltr'>eam</span> <span class='ocrx_word' id='word_1_274' title='bbox 1143 3917 1247 3988; x_wconf 89' lang='lat' dir='ltr'>privari</span> <span class='ocrx_word' id='word_1_275' title='bbox 1271 3916 1443 3973; x_wconf 85' lang='lat' dir='ltr'>habitudine</span> <span class='ocrx_word' id='word_1_276' title='bbox 1465 3914 1500 3970; x_wconf 90' lang='lat' dir='ltr'>ad</span> <span class='ocrx_word' id='word_1_277' title='bbox 1524 3932 1642 3972; x_wconf 87' lang='lat' dir='ltr'>causam</span> <span class='ocrx_word' id='word_1_278' title='bbox 1667 3932 1751 3971; x_wconf 89' lang='lat' dir='ltr'>suam</span> 
     </span>
     <span class='ocr_line' id='line_1_27' title="bbox 419 4005 1751 4078; baseline -0.001 -17"><span class='ocrx_word' id='word_1_279' title='bbox 419 4022 479 4078; x_wconf 91' lang='lat' dir='ltr'>qua</span> <span class='ocrx_word' id='word_1_280' title='bbox 509 4022 622 4078; x_wconf 87' lang='lat' dir='ltr'>semper</span> <span class='ocrx_word' id='word_1_281' title='bbox 651 4005 697 4061; x_wconf 89' lang='lat' dir='ltr'>sit.</span> <span class='ocrx_word' id='word_1_282' title='bbox 728 4005 792 4059; x_wconf 84' lang='lat' dir='ltr'>lloc</span> <span class='ocrx_word' id='word_1_283' title='bbox 818 4017 916 4061; x_wconf 90' lang='lat' dir='ltr'>autem</span> <span class='ocrx_word' id='word_1_284' title='bbox 942 4005 1069 4061; x_wconf 89' lang='lat' dir='ltr'>dicimus</span> <span class='ocrx_word' id='word_1_285' title='bbox 1097 4006 1261 4061; x_wconf 90' lang='lat' dir='ltr'>secundum</span> <span class='ocrx_word' id='word_1_286' title='bbox 1290 4005 1463 4061; x_wconf 85' lang='lat' dir='ltr'>sententiam</span> <span class='ocrx_word' id='word_1_287' title='bbox 1493 4006 1751 4077; x_wconf 89' lang='lat' dir='ltr'>philosophorum.</span> 
     </span>
     <span class='ocr_line' id='line_1_28' title="bbox 421 4093 1753 4166; baseline 0 -16"><span class='ocrx_word' id='word_1_288' title='bbox 421 4096 591 4161; x_wconf 88' lang='lat' dir='ltr'>Baeumker,</span> <span class='ocrx_word' id='word_1_289' title='bbox 606 4095 663 4149; x_wconf 86' lang='lat' dir='ltr'>Die</span> <span class='ocrx_word' id='word_1_290' title='bbox 677 4093 887 4165; x_wconf 82' lang='lat' dir='ltr'>Impossibilio,</span> <span class='ocrx_word' id='word_1_291' title='bbox 903 4110 931 4165; x_wconf 92' lang='lat' dir='ltr'>p.</span> <span class='ocrx_word' id='word_1_292' title='bbox 946 4112 972 4166; x_wconf 90' lang='lat'>7.</span> <span class='ocrx_word' id='word_1_293' title='bbox 992 4095 1152 4166; x_wconf 86' lang='lat' dir='ltr'>Comparez</span> <span class='ocrx_word' id='word_1_294' title='bbox 1170 4111 1238 4149; x_wconf 86' lang='lat' dir='ltr'>avec</span> <span class='ocrx_word' id='word_1_295' title='bbox 1256 4106 1329 4150; x_wconf 91' lang='lat' dir='ltr'>cette</span> <span class='ocrx_word' id='word_1_296' title='bbox 1343 4094 1476 4149; x_wconf 88' lang='lat' dir='ltr'>doctrine</span> <span class='ocrx_word' id='word_1_297' title='bbox 1494 4095 1534 4149; x_wconf 90' lang='lat' dir='ltr'>les</span> <span class='ocrx_word' id='word_1_298' title='bbox 1553 4094 1753 4166; x_wconf 87' lang='lat' dir='ltr'>propositions</span> 
     </span>
     <span class='ocr_line' id='line_1_29' title="bbox 420 4183 1753 4255; baseline -0.001 -16"><span class='ocrx_word' id='word_1_299' title='bbox 420 4184 568 4240; x_wconf 87' lang='lat' dir='ltr'>suivantes</span> <span class='ocrx_word' id='word_1_300' title='bbox 590 4184 786 4238; x_wconf 73' lang='lat' dir='ltr'>condamnees</span> <span class='ocrx_word' id='word_1_301' title='bbox 806 4199 841 4238; x_wconf 92' lang='lat' dir='ltr'>en</span> <span class='ocrx_word' id='word_1_302' title='bbox 865 4199 955 4254; x_wconf 87' lang='lat'>1277:</span> <span class='ocrx_word' id='word_1_303' title='bbox 977 4215 1010 4222; x_wconf 89' lang='lat'><em>-</em></span> <span class='ocrx_word' id='word_1_304' title='bbox 1029 4185 1072 4237; x_wconf 87' lang='grc'>58.</span> <span class='ocrx_word' id='word_1_305' title='bbox 1096 4183 1184 4253; x_wconf 91' lang='lat' dir='ltr'>Quod</span> <span class='ocrx_word' id='word_1_306' title='bbox 1205 4184 1283 4239; x_wconf 84' lang='lat' dir='ltr'>Deus</span> <span class='ocrx_word' id='word_1_307' title='bbox 1305 4196 1349 4240; x_wconf 89' lang='lat' dir='ltr'>est</span> <span class='ocrx_word' id='word_1_308' title='bbox 1370 4199 1458 4239; x_wconf 85' lang='lat' dir='ltr'>causa</span> <span class='ocrx_word' id='word_1_309' title='bbox 1482 4184 1641 4239; x_wconf 87' lang='lat' dir='ltr'>necessaria</span> <span class='ocrx_word' id='word_1_310' title='bbox 1661 4183 1753 4255; x_wconf 92' lang='lat' dir='ltr'>prime</span> 
     </span>
     <span class='ocr_line' id='line_1_30' title="bbox 420 4271 1752 4345; baseline 0 -17"><span class='ocrx_word' id='word_1_311' title='bbox 420 4273 631 4344; x_wconf 85' lang='lat' dir='ltr'>intelligentie:</span> <span class='ocrx_word' id='word_1_312' title='bbox 653 4289 713 4343; x_wconf 91' lang='lat' dir='ltr'>qua</span> <span class='ocrx_word' id='word_1_313' title='bbox 733 4273 826 4345; x_wconf 90' lang='lat' dir='ltr'>posita</span> <span class='ocrx_word' id='word_1_314' title='bbox 848 4272 967 4344; x_wconf 90' lang='lat' dir='ltr'>ponitur</span> <span class='ocrx_word' id='word_1_315' title='bbox 986 4271 1105 4328; x_wconf 81' lang='lat' dir='ltr'>effectus</span> <span class='ocrx_word' id='word_1_316' title='bbox 1125 4283 1152 4327; x_wconf 92' lang='lat' dir='ltr'>et</span> <span class='ocrx_word' id='word_1_317' title='bbox 1173 4283 1243 4327; x_wconf 91' lang='lat' dir='ltr'>sunt</span> <span class='ocrx_word' id='word_1_318' title='bbox 1264 4273 1352 4328; x_wconf 93' lang='lat' dir='ltr'>simul</span> <span class='ocrx_word' id='word_1_319' title='bbox 1373 4272 1535 4328; x_wconf 85' lang='lat' dir='ltr'>duratione.</span> <span class='ocrx_word' id='word_1_320' title='bbox 1551 4274 1642 4343; x_wconf 81' lang='grc'>-45,</span> <span class='ocrx_word' id='word_1_321' title='bbox 1664 4272 1752 4342; x_wconf 92' lang='lat' dir='ltr'>Quod</span> 
     </span>
     <span class='ocr_line' id='line_1_31' title="bbox 420 4361 1753 4435; baseline -0.001 -18"><span class='ocrx_word' id='word_1_322' title='bbox 420 4363 548 4435; x_wconf 91' lang='lat' dir='ltr'>primum</span> <span class='ocrx_word' id='word_1_323' title='bbox 574 4362 751 4435; x_wconf 92' lang='lat' dir='ltr'>principium</span> <span class='ocrx_word' id='word_1_324' title='bbox 775 4378 834 4417; x_wconf 95' lang='lat' dir='ltr'>non</span> <span class='ocrx_word' id='word_1_325' title='bbox 858 4373 901 4417; x_wconf 87' lang='lat' dir='ltr'>est</span> <span class='ocrx_word' id='word_1_326' title='bbox 925 4362 1039 4433; x_wconf 90' lang='lat' dir='ltr'>propria</span> <span class='ocrx_word' id='word_1_327' title='bbox 1061 4378 1149 4417; x_wconf 88' lang='lat' dir='ltr'>causa</span> <span class='ocrx_word' id='word_1_328' title='bbox 1171 4373 1348 4429; x_wconf 89' lang='lat' dir='ltr'>eternorum,</span> <span class='ocrx_word' id='word_1_329' title='bbox 1372 4362 1429 4417; x_wconf 91' lang='lat' dir='ltr'>nisi</span> <span class='ocrx_word' id='word_1_330' title='bbox 1453 4362 1660 4434; x_wconf 77' lang='lat' dir='ltr'>metaphorice,</span> <span class='ocrx_word' id='word_1_331' title='bbox 1684 4361 1753 4433; x_wconf 84' lang='lat' dir='ltr'>quia</span> 
     </span>
     <span class='ocr_line' id='line_1_32' title="bbox 419 4450 1751 4523; baseline -0.001 -16"><span class='ocrx_word' id='word_1_332' title='bbox 419 4464 571 4507; x_wconf 83' lang='lat' dir='ltr'>conservat</span> <span class='ocrx_word' id='word_1_333' title='bbox 594 4468 635 4518; x_wconf 90' lang='lat' dir='ltr'>ea,</span> <span class='ocrx_word' id='word_1_334' title='bbox 661 4451 688 4506; x_wconf 91' lang='lat' dir='ltr'>id</span> <span class='ocrx_word' id='word_1_335' title='bbox 709 4464 762 4518; x_wconf 89' lang='lat' dir='ltr'>est,</span> <span class='ocrx_word' id='word_1_336' title='bbox 786 4451 856 4522; x_wconf 91' lang='lat' dir='ltr'>quia</span> <span class='ocrx_word' id='word_1_337' title='bbox 878 4450 932 4506; x_wconf 88' lang='lat' dir='ltr'>nisi</span> <span class='ocrx_word' id='word_1_338' title='bbox 952 4463 1036 4516; x_wconf 83' lang='lat' dir='ltr'>esset,</span> <span class='ocrx_word' id='word_1_339' title='bbox 1058 4467 1090 4505; x_wconf 90' lang='lat' dir='ltr'>ea</span> <span class='ocrx_word' id='word_1_340' title='bbox 1113 4467 1173 4506; x_wconf 94' lang='lat' dir='ltr'>non</span> <span class='ocrx_word' id='word_1_341' title='bbox 1196 4463 1302 4507; x_wconf 90' lang='lat' dir='ltr'>essent.</span> <span class='ocrx_word' id='word_1_342' title='bbox 1322 4483 1356 4491; x_wconf 91' lang='lat'><em>-</em></span> <span class='ocrx_word' id='word_1_343' title='bbox 1374 4468 1416 4523; x_wconf 89' lang='lat'>70.</span> <span class='ocrx_word' id='word_1_344' title='bbox 1443 4451 1530 4521; x_wconf 89' lang='lat' dir='ltr'>Quod</span> <span class='ocrx_word' id='word_1_345' title='bbox 1555 4451 1751 4522; x_wconf 89' lang='lat' dir='ltr'>intelligentie,</span> 
     </span>
     <span class='ocr_line' id='line_1_33' title="bbox 420 4539 1752 4612; baseline -0.001 -17"><span class='ocrx_word' id='word_1_346' title='bbox 420 4541 479 4595; x_wconf 86' lang='lat' dir='ltr'>sive</span> <span class='ocrx_word' id='word_1_347' title='bbox 505 4541 668 4596; x_wconf 84' lang='lat' dir='ltr'>substantie</span> <span class='ocrx_word' id='word_1_348' title='bbox 697 4552 840 4612; x_wconf 77' lang='lat' dir='ltr'>separate,</span> <span class='ocrx_word' id='word_1_349' title='bbox 872 4556 946 4610; x_wconf 90' lang='lat' dir='ltr'>quas</span> <span class='ocrx_word' id='word_1_350' title='bbox 975 4539 1078 4595; x_wconf 89' lang='lat' dir='ltr'>dicunt</span> <span class='ocrx_word' id='word_1_351' title='bbox 1103 4552 1231 4605; x_wconf 91' lang='lat' dir='ltr'>eternas,</span> <span class='ocrx_word' id='word_1_352' title='bbox 1264 4556 1324 4595; x_wconf 93' lang='lat' dir='ltr'>non</span> <span class='ocrx_word' id='word_1_353' title='bbox 1351 4540 1459 4596; x_wconf 87' lang='lat' dir='ltr'>habent</span> <span class='ocrx_word' id='word_1_354' title='bbox 1489 4540 1604 4612; x_wconf 82' lang='lat' dir='ltr'>proprie</span> <span class='ocrx_word' id='word_1_355' title='bbox 1633 4556 1752 4595; x_wconf 83' lang='lat' dir='ltr'>causam</span> 
     </span>
     <span class='ocr_line' id='line_1_34' title="bbox 419 4628 1753 4701; baseline -0.001 -16"><span class='ocrx_word' id='word_1_356' title='bbox 419 4630 604 4694; x_wconf 84' lang='lat' dir='ltr'>efficientem,</span> <span class='ocrx_word' id='word_1_357' title='bbox 629 4630 677 4685; x_wconf 90' lang='lat' dir='ltr'>sed</span> <span class='ocrx_word' id='word_1_358' title='bbox 703 4630 909 4701; x_wconf 85' lang='lat' dir='ltr'>metaphorice,</span> <span class='ocrx_word' id='word_1_359' title='bbox 935 4628 1004 4700; x_wconf 90' lang='lat' dir='ltr'>quia</span> <span class='ocrx_word' id='word_1_360' title='bbox 1030 4629 1137 4683; x_wconf 87' lang='lat' dir='ltr'>habent</span> <span class='ocrx_word' id='word_1_361' title='bbox 1161 4640 1381 4684; x_wconf 84' lang='lat' dir='ltr'>conservantem</span> <span class='ocrx_word' id='word_1_362' title='bbox 1404 4645 1522 4686; x_wconf 85' lang='lat' dir='ltr'>causam</span> <span class='ocrx_word' id='word_1_363' title='bbox 1545 4630 1573 4683; x_wconf 94' lang='lat' dir='ltr'>in</span> <span class='ocrx_word' id='word_1_364' title='bbox 1596 4645 1677 4693; x_wconf 87' lang='lat' dir='ltr'>esse;</span> <span class='ocrx_word' id='word_1_365' title='bbox 1703 4628 1753 4684; x_wconf 88' lang='lat' dir='ltr'>sed</span> 
     </span>
     <span class='ocr_line' id='line_1_35' title="bbox 421 4718 1754 4791; baseline -0.002 -18"><span class='ocrx_word' id='word_1_366' title='bbox 421 4736 480 4774; x_wconf 92' lang='lat' dir='ltr'>non</span> <span class='ocrx_word' id='word_1_367' title='bbox 504 4731 575 4775; x_wconf 90' lang='lat' dir='ltr'>sunt</span> <span class='ocrx_word' id='word_1_368' title='bbox 600 4720 672 4775; x_wconf 85' lang='lat' dir='ltr'>lacte</span> <span class='ocrx_word' id='word_1_369' title='bbox 694 4719 730 4773; x_wconf 88' lang='lat' dir='ltr'>de</span> <span class='ocrx_word' id='word_1_370' title='bbox 753 4736 840 4785; x_wconf 90' lang='lat' dir='ltr'>novo,</span> <span class='ocrx_word' id='word_1_371' title='bbox 864 4719 934 4791; x_wconf 87' lang='lat' dir='ltr'>quia</span> <span class='ocrx_word' id='word_1_372' title='bbox 956 4719 997 4773; x_wconf 88' lang='lat' dir='ltr'>sic</span> <span class='ocrx_word' id='word_1_373' title='bbox 1018 4730 1115 4773; x_wconf 87' lang='lat' dir='ltr'>essent</span> <span class='ocrx_word' id='word_1_374' title='bbox 1138 4718 1383 4773; x_wconf 84' lang='lat' dir='ltr'>transmutabiles.</span> <span class='ocrx_word' id='word_1_375' title='bbox 1404 4737 1498 4791; x_wconf 87' lang='lat'>-71.</span> <span class='ocrx_word' id='word_1_376' title='bbox 1521 4718 1609 4788; x_wconf 90' lang='lat' dir='ltr'>Quod</span> <span class='ocrx_word' id='word_1_377' title='bbox 1633 4718 1662 4773; x_wconf 91' lang='lat' dir='ltr'>in</span> <span class='ocrx_word' id='word_1_378' title='bbox 1685 4719 1754 4773; x_wconf 92' lang='lat' dir='ltr'>sub-</span> 
     </span>
     <span class='ocr_line' id='line_1_36' title="bbox 421 4805 1753 4881; baseline -0.002 -18"><span class='ocrx_word' id='word_1_379' title='bbox 421 4808 534 4865; x_wconf 87' lang='lat' dir='ltr'>stantiis</span> <span class='ocrx_word' id='word_1_380' title='bbox 561 4809 698 4881; x_wconf 90' lang='lat' dir='ltr'>separatis</span> <span class='ocrx_word' id='word_1_381' title='bbox 725 4811 805 4864; x_wconf 87' lang='lat' dir='ltr'>nulla</span> <span class='ocrx_word' id='word_1_382' title='bbox 830 4821 873 4863; x_wconf 88' lang='lat' dir='ltr'>est</span> <span class='ocrx_word' id='word_1_383' title='bbox 899 4807 1043 4879; x_wconf 90' lang='lat' dir='ltr'>possibilis</span> <span class='ocrx_word' id='word_1_384' title='bbox 1075 4807 1300 4871; x_wconf 84' lang='lat' dir='ltr'>transmutatio;</span> <span class='ocrx_word' id='word_1_385' title='bbox 1329 4824 1381 4862; x_wconf 90' lang='lat' dir='ltr'>nec</span> <span class='ocrx_word' id='word_1_386' title='bbox 1406 4820 1476 4864; x_wconf 93' lang='lat' dir='ltr'>sunt</span> <span class='ocrx_word' id='word_1_387' title='bbox 1502 4808 1531 4863; x_wconf 92' lang='lat' dir='ltr'>in</span> <span class='ocrx_word' id='word_1_388' title='bbox 1558 4809 1688 4880; x_wconf 89' lang='lat' dir='ltr'>potentia</span> <span class='ocrx_word' id='word_1_389' title='bbox 1717 4805 1753 4861; x_wconf 84' lang='lat' dir='ltr'>ad</span> 
     </span>
     <span class='ocr_line' id='line_1_37' title="bbox 421 4896 1752 4970; baseline -0.001 -19"><span class='ocrx_word' id='word_1_390' title='bbox 421 4898 542 4969; x_wconf 88' lang='lat' dir='ltr'>aliquid,</span> <span class='ocrx_word' id='word_1_391' title='bbox 561 4898 632 4970; x_wconf 90' lang='lat' dir='ltr'>quia</span> <span class='ocrx_word' id='word_1_392' title='bbox 649 4910 745 4953; x_wconf 89' lang='lat' dir='ltr'>eterne</span> <span class='ocrx_word' id='word_1_393' title='bbox 758 4910 786 4953; x_wconf 91' lang='lat' dir='ltr'>et</span> <span class='ocrx_word' id='word_1_394' title='bbox 799 4897 947 4952; x_wconf 90' lang='lat' dir='ltr'>immunes</span> <span class='ocrx_word' id='word_1_395' title='bbox 967 4909 1066 4953; x_wconf 88' lang='lat' dir='ltr'>sunta</span> <span class='ocrx_word' id='word_1_396' title='bbox 1081 4897 1207 4951; x_wconf 88' lang='lat' dir='ltr'>materia.</span> <span class='ocrx_word' id='word_1_397' title='bbox 1224 4928 1258 4935; x_wconf 88' lang='lat'>-</span> <span class='ocrx_word' id='word_1_398' title='bbox 1272 4913 1315 4969; x_wconf 72' lang='lat'>72,</span> <span class='ocrx_word' id='word_1_399' title='bbox 1333 4896 1420 4965; x_wconf 87' lang='lat' dir='ltr'>Quod</span> <span class='ocrx_word' id='word_1_400' title='bbox 1436 4897 1599 4953; x_wconf 86' lang='lat' dir='ltr'>substantie</span> <span class='ocrx_word' id='word_1_401' title='bbox 1614 4908 1752 4968; x_wconf 88' lang='lat' dir='ltr'>separate,</span> 
     </span>
     <span class='ocr_line' id='line_1_38' title="bbox 421 4986 1753 5058; baseline -0.002 -16"><span class='ocrx_word' id='word_1_402' title='bbox 421 4988 491 5058; x_wconf 86' lang='lat' dir='ltr'>quia</span> <span class='ocrx_word' id='word_1_403' title='bbox 516 5004 575 5043; x_wconf 93' lang='lat' dir='ltr'>non</span> <span class='ocrx_word' id='word_1_404' title='bbox 602 4987 711 5043; x_wconf 89' lang='lat' dir='ltr'>habent</span> <span class='ocrx_word' id='word_1_405' title='bbox 733 4988 894 5052; x_wconf 86' lang='lat' dir='ltr'>materiam,</span> <span class='ocrx_word' id='word_1_406' title='bbox 919 5002 1079 5058; x_wconf 90' lang='lat' dir='ltr'>perquam</span> <span class='ocrx_word' id='word_1_407' title='bbox 1104 4986 1184 5057; x_wconf 88' lang='lat' dir='ltr'>prius</span> <span class='ocrx_word' id='word_1_408' title='bbox 1207 4987 1265 5042; x_wconf 91' lang='lat' dir='ltr'>sint</span> <span class='ocrx_word' id='word_1_409' title='bbox 1288 4986 1317 5041; x_wconf 90' lang='lat' dir='ltr'>in</span> <span class='ocrx_word' id='word_1_410' title='bbox 1341 4987 1481 5058; x_wconf 88' lang='lat' dir='ltr'>potentia,</span> <span class='ocrx_word' id='word_1_411' title='bbox 1504 5002 1594 5058; x_wconf 86' lang='lat' dir='ltr'>quam</span> <span class='ocrx_word' id='word_1_412' title='bbox 1621 4986 1650 5041; x_wconf 93' lang='lat' dir='ltr'>in</span> <span class='ocrx_word' id='word_1_413' title='bbox 1675 4998 1753 5051; x_wconf 91' lang='lat' dir='ltr'>actu,</span> 
     </span>
     <span class='ocr_line' id='line_1_39' title="bbox 422 5072 1752 5148; baseline -0.002 -16"><span class='ocrx_word' id='word_1_414' title='bbox 422 5088 450 5132; x_wconf 87' lang='lat' dir='ltr'>et</span> <span class='ocrx_word' id='word_1_415' title='bbox 474 5089 584 5133; x_wconf 87' lang='lat' dir='ltr'>sunta</span> <span class='ocrx_word' id='word_1_416' title='bbox 608 5092 696 5132; x_wconf 86' lang='lat' dir='ltr'>causa</span> <span class='ocrx_word' id='word_1_417' title='bbox 718 5076 821 5131; x_wconf 88' lang='lat' dir='ltr'>eodem</span> <span class='ocrx_word' id='word_1_418' title='bbox 847 5075 937 5130; x_wconf 89' lang='lat' dir='ltr'>modo</span> <span class='ocrx_word' id='word_1_419' title='bbox 961 5090 1074 5148; x_wconf 91' lang='lat' dir='ltr'>semper</span> <span class='ocrx_word' id='word_1_420' title='bbox 1098 5091 1128 5131; x_wconf 88' lang='lat' dir='ltr'>se</span> <span class='ocrx_word' id='word_1_421' title='bbox 1153 5076 1276 5130; x_wconf 85' lang='lat' dir='ltr'>habente</span> <span class='ocrx_word' id='word_1_422' title='bbox 1300 5090 1306 5130; x_wconf 93' lang='lat'>:</span> <span class='ocrx_word' id='word_1_423' title='bbox 1333 5074 1399 5130; x_wconf 90' lang='lat' dir='ltr'>ideo</span> <span class='ocrx_word' id='word_1_424' title='bbox 1423 5088 1493 5131; x_wconf 87' lang='lat' dir='ltr'>sunt</span> <span class='ocrx_word' id='word_1_425' title='bbox 1516 5088 1622 5131; x_wconf 86' lang='lat' dir='ltr'>eterne.</span> <span class='ocrx_word' id='word_1_426' title='bbox 1650 5072 1752 5130; x_wconf 71' lang='lat' dir='ltr'>Clari.</span> 
     </span>
     <span class='ocr_line' id='line_1_40' title="bbox 426 5163 864 5237; baseline -0.005 -18"><span class='ocrx_word' id='word_1_427' title='bbox 426 5163 512 5219; x_wconf 85' lang='lat' dir='ltr'>Univ.</span> <span class='ocrx_word' id='word_1_428' title='bbox 534 5165 644 5231; x_wconf 64' lang='lat' dir='ltr'>Poris„</span> <span class='ocrx_word' id='word_1_429' title='bbox 666 5165 687 5230; x_wconf 87' lang='lat' dir='ltr'>l,</span> <span class='ocrx_word' id='word_1_430' title='bbox 707 5181 735 5237; x_wconf 87' lang='lat' dir='ltr'>p.</span> <span class='ocrx_word' id='word_1_431' title='bbox 756 5163 864 5235; x_wconf 80' lang='grc'>546-47.</span> 
     </span>
    </p>
   </div>
   <div class='ocr_carea' id='block_1_4' title="bbox 0 0 2462 6546">
    <p class='ocr_par' dir='ltr' id='par_1_6' title="bbox 0 0 2462 6546">
     <span class='ocr_line' id='line_1_41' title="bbox 0 0 2462 6546; baseline 0 0"><span class='ocrx_word' id='word_1_432' title='bbox 0 0 2462 6546; x_wconf 95' lang='lat' dir='ltr'> </span> 
     </span>
    </p>
   </div>
  </div>
 </body>
</html>
