4872 6552
504 2137 573 2222 [fol.
602 2149 658 2222 74r
683 2138 745 2201 col.
772 2138 803 2220 a]
834 2138 1018 2220 [Piroponit
1046 2135 1214 2220 quandam
1247 2134 1409 2199 racionem
1436 2153 1500 2219 que
1524 2134 1567 2197 ab
1592 2132 1758 2217 aliquibus

422 2246 660 2310 demonstracio
683 2264 751 2309 esse
774 2244 926 2320 creditur,
947 2244 1094 2308 scilicet1
1117 2243 1205 2326 quod
1228 2244 1349 2326 species
1371 2242 1518 2306 humana
1537 2260 1606 2304 esse
1625 2241 1757 2323 incepit,

421 2372 497 2417 cum
527 2354 656 2436 penitus
686 2372 754 2416 non
786 2351 968 2436 prefuisset,
994 2365 1024 2415 et
1052 2351 1274 2415 universaliter
1304 2350 1424 2433 species
1454 2350 1607 2413 omnium
1640 2346 1759 2410 indiui-

422 2461 564 2525 duorum
579 2460 815 2544 generabilium
844 2473 876 2523 et
902 2459 1176 2542 corruptibilium.

503 2569 658 2650 Queritur
685 2582 794 2631 vtrum
824 2568 944 2651 species
972 2567 1118 2630 humana
1147 2585 1215 2629 esse
1244 2565 1409 2648 inceperit,
1435 2584 1510 2627 cum
1534 2565 1664 2647 penitus
1691 2581 1758 2625 non
1789 2579 1802 2625 5

423 2676 609 2759 prefuisset,
635 2689 668 2739 et
693 2675 918 2739 uniuersaliter
947 2674 1092 2757 quelibet
1123 2674 1243 2756 species
1274 2671 1511 2756 generabilium
1545 2684 1576 2734 et
1603 2670 1760 2753 corrupti-

422 2784 553 2860 bilium,
570 2783 752 2846 secundum
767 2781 1062 2865 uiamphilosophi
1081 2779 1296 2864 procedendo.

502 2891 602 2955 Racio
617 2903 724 2953 autem
741 2890 825 2953 dicta
845 2902 955 2973 potest,
966 2889 1096 2952 formari
1118 2887 1300 2971 dupliciter.
1319 2887 1429 2950 Primo
1449 2887 1506 2961 sic,
1523 2898 1558 2949 ut
1572 2885 1760 2949 euidentior

422 3011 585 3082 appareat.
616 2998 745 3081 Species
774 2996 829 3059 illa
860 2997 952 3059 cuius
982 2995 1151 3079 quodlibet
1182 2994 1394 3058 indiuiduum
1424 3013 1492 3057 esse
1523 2994 1655 3076 incepit,
1681 3011 1758 3055 cum

422 3126 489 3170 non
520 3104 700 3189 prefuisset,
723 3124 811 3168 noua
839 3116 885 3167 est
911 3116 941 3167 et
966 3123 1035 3167 esse
1061 3103 1192 3186 incepit,
1214 3122 1289 3166 cum
1320 3101 1449 3185 penitus
1477 3115 1508 3165 et
1535 3099 1760 3163 uniuersaliter
1791 3129 1821 3160 ιο

422 3233 490 3277 non
516 3212 695 3296 prefuisset.
719 3211 848 3296 Species
869 3225 977 3274 autem
1001 3211 1149 3273 humana
1171 3210 1243 3273 talis
1265 3222 1323 3286 est,
1346 3222 1377 3272 et
1394 3206 1620 3271 vniuersaliter
1639 3207 1760 3289 species

422 3321 573 3385 omnium
608 3319 857 3383 indiuiduorum
889 3317 1125 3401 generabilium
1156 3330 1187 3381 et
1214 3316 1496 3399 corruptibilium,
1529 3328 1560 3377 et
1591 3313 1761 3397 quodlibet

423 3428 634 3492 indiuiduum
656 3426 846 3490 huiusmodi
867 3426 1046 3508 specierum
1067 3444 1136 3487 esse
1155 3424 1275 3507 incepit
1293 3442 1368 3486 cum
1389 3442 1457 3486 non
1479 3421 1658 3505 prefuisset.
1677 3420 1760 3504 Ergo

421 3548 452 3600 et
475 3535 617 3619 quelibet
639 3535 759 3618 species
780 3533 895 3597 talium
921 3552 1009 3595 noua
1032 3545 1079 3595 est
1102 3545 1133 3594 et
1155 3551 1223 3595 esse
1247 3530 1416 3593 inchoauit
1437 3549 1513 3593 cum
1538 3530 1666 3612 penitus
1691 3547 1758 3593 non

422 3642 602 3726 prefuisset.
633 3641 742 3704 Huius
768 3640 907 3703 racionis
937 3639 1044 3702 minor
1072 3638 1239 3702 euidenter
1265 3650 1417 3720 apparet;
1445 3637 1549 3700 maior
1575 3649 1684 3699 autem
1714 3637 1760 3700 sic
1791 3654 1820 3699 15

422 3749 613 3813 declaratur.
642 3748 771 3831 Species
799 3766 859 3810 nec
886 3766 955 3810 esse
983 3765 1041 3809 nec
1069 3745 1193 3809 causari
1227 3744 1324 3808 habet
1358 3744 1420 3807 nisi
1454 3744 1488 3805 in
1522 3741 1679 3825 singulari
1707 3743 1758 3807 vel

423 3855 654 3939 singularibus.
685 3855 719 3918 Si
749 3856 846 3937 igitur
873 3853 1043 3937 quodlibet
1071 3852 1283 3916 indiuiduum
1313 3851 1493 3933 specierum
1520 3850 1758 3934 generabilium

423 3976 454 4026 et
471 3962 731 4045 corruptibilium
752 3974 920 4025 causatum
943 3974 990 4025 est
1010 3980 1086 4024 cum
1110 3979 1176 4023 non
1200 3959 1382 4042 prefuisset,
1404 3971 1436 4022 et
1456 3958 1576 4041 species
1597 3959 1758 4040 ipsorum,

424 4084 459 4135 ut
473 4070 614 4147 uidetur,
630 4069 703 4133 talis
717 4070 786 4132 erit.

503 4177 654 4242 Secundo
678 4187 780 4260 potest
802 4175 935 4239 formari
957 4176 1042 4239 racio
1067 4176 1131 4238 iam
1156 4174 1240 4238 dicta
1265 4174 1298 4236 in
1324 4172 1423 4237 modo
1444 4192 1510 4257 quo
1531 4173 1573 4236 ab
1594 4173 1759 4256 aliquibus
1789 4203 1820 4234 20

423 4286 593 4363 formatur,
616 4286 662 4349 sic
687 4305 694 4348 :
723 4282 941 4359 Vniuersalia‚
962 4284 1044 4346 sicut
1067 4302 1134 4345 non
1160 4282 1280 4345 habent
1302 4300 1370 4344 esse
1395 4281 1457 4343 nisi
1481 4281 1514 4342 in
1539 4279 1759 4364 singularibus

423 4396 473 4461 vel
489 4393 658 4477 singulari,
675 4394 718 4456 ita
734 4411 791 4455 nec
806 4391 942 4455 causari.
959 4390 1057 4454 Nunc
1071 4402 1193 4465 autem,
1209 4408 1309 4453 omne
1327 4408 1385 4452 ens
1399 4402 1447 4452 est
1464 4409 1483 4451 a
1502 4387 1563 4451 deo
1577 4402 1757 4452 causatum.

423 4503 508 4567 Cum
530 4503 626 4585 igitur
645 4500 746 4564 homo
766 4500 807 4564 sit
825 4511 976 4562 causatus
990 4518 1008 4562 a
1027 4498 1100 4575 de0,
1116 4499 1192 4581 quia
1208 4491 1255 4561 est
1269 4495 1401 4580 aliquod
1417 4515 1474 4559 ens
1490 4494 1619 4571 mundi,
1635 4509 1761 4577 oportet

423 4609 512 4695 quod
539 4611 573 4672 in
599 4610 710 4691 aliquo
735 4607 950 4671 determinato
976 4605 1151 4669 indiuiduo
1178 4606 1211 4667 in
1238 4624 1306 4668 esse
1333 4603 1456 4679 exierit,
1486 4604 1568 4666 sicut
1594 4603 1700 4665 celum
1728 4614 1760 4665 et

423 4717 567 4802 quelibet
593 4715 655 4780 alia
684 4736 702 4779 a
730 4715 790 4779 deo
817 4727 957 4779 causata.
993 4711 1089 4794 Quod
1118 4713 1145 4775 si
1174 4711 1275 4775 homo
1311 4730 1378 4774 non
1414 4709 1512 4774 habet
1546 4708 1756 4772 indiuiduum
1788 4726 1819 4772 25

425 4825 659 4908 sempiternum
673 4827 697 4899 ²,
713 4824 796 4887 sicut
810 4836 858 4886 est
873 4823 934 4886 hoc
948 4821 1054 4885 celum
1071 4820 1224 4885 sensibile
1243 4820 1424 4884 secundum
1442 4817 1666 4902 philosophos,
1680 4830 1759 4882 tunc

507 5048 516 5083 ¹
534 5048 580 5107 Ms
599 5073 635 5095 =
654 5048 727 5104 eius.
748 5079 782 5088 -—
801 5047 812 5079 ¹
831 5046 876 5101 llis
892 5048 990 5117 -l-est.
