4882 6546
1664 897 1770 941 CXXXV

435 1063 623 1132 conservee
646 1065 736 1130 dans
759 1064 790 1131 le
816 1065 1013 1132 manuscrit
1034 1086 1104 1153 que
1127 1085 1218 1132 nous
1239 1064 1497 1147 connaissons3
1524 1065 1613 1132 mais
1634 1065 1698 1132 elle
1719 1079 1771 1133 est

435 1180 600 1269 precedee
620 1182 662 1247 de
682 1180 870 1248 l'annonce
889 1182 950 1248 des
970 1181 1057 1249 trois
1076 1181 1260 1268 questions
1287 1181 1349 1268 qui
1374 1181 1628 1248 constituaient
1647 1181 1770 1269 primi·

436 1297 606 1363 tivement
638 1318 685 1363 un
719 1310 795 1364 tout
824 1298 1032 1385 organique.
1064 1297 1117 1362 En
1146 1297 1236 1364 voici
1267 1296 1461 1364 l’tnonct:
1496 1299 1610 1364 Est-ce
1640 1318 1710 1385 que
1741 1297 1771 1364 le

436 1426 546 1479 terme
566 1433 740 1480 commun
761 1411 901 1501 signifie
922 1413 1234 1480 universellement
1252 1413 1282 1479 le
1299 1427 1447 1500 concept
1465 1414 1508 1479 de
1527 1412 1660 1501 l'esprit
1678 1413 1770 1479 ainsi

435 1549 504 1615 que
532 1529 791 1616 quelques-uns
820 1529 851 1596 le
879 1511 1120 1617 pretendent?
1149 1530 1263 1595 Est-ce
1292 1529 1378 1616 qu'il
1408 1529 1548 1617 signifie
1579 1527 1771 1596 universel·
1841 1596 1844 1601 ,

437 1645 569 1711 lement
592 1645 624 1712 la
648 1643 775 1726 forme,
800 1665 942 1713 comme
966 1645 1009 1711 l'a
1033 1644 1199 1733 enseigne
1224 1644 1363 1724 Platon,
1389 1665 1435 1712 ou
1461 1645 1491 1710 le
1515 1645 1682 1732 compose
1706 1644 1770 1711 lui·

436 1762 565 1827 meme.
585 1762 634 1828 La
654 1762 797 1828 matiere
814 1761 978 1849 peut-elle
995 1762 1066 1828 etre
1083 1760 1243 1848 signifiee
1263 1782 1327 1849 par
1344 1783 1393 1827 un
1412 1776 1523 1827 terme
1540 1781 1713 1828 commun
1731 1760 1772 1825 1?

525 1879 574 1944 La
598 1878 772 1965 premiere
792 1878 972 1964 question,
998 1877 1082 1944 celle
1106 1898 1175 1964 que
1201 1897 1292 1944 nous
1316 1878 1524 1964 possedons,
1550 1897 1569 1943 a
1593 1897 1684 1964 pour
1707 1876 1771 1942 but

435 1994 477 2060 de
502 1993 718 2060 determines
742 1993 774 2060 la
799 2007 924 2060 nature
948 1995 1009 2060 des
1035 2007 1196 2081 rapports
1220 1993 1282 2080 qui
1307 1993 1458 2059 existent
1482 2006 1581 2059 entre
1604 1992 1635 2059 le
1659 2005 1771 2058 terme

437 2109 627 2189 universel,
656 2110 685 2175 le
712 2123 860 2197 concept
885 2110 927 2176 de
955 2109 1088 2198 l'esprit
1115 2124 1148 2175 et
1175 2130 1213 2177 ce
1239 2108 1300 2196 qui
1330 2123 1381 2176 est
1409 2108 1560 2196 signifie.
1589 2108 1655 2175 Ces
1683 2107 1771 2176 trois

435 2225 593 2293 donntes
621 2240 702 2294 sont
730 2226 812 2292 liees
842 2226 1081 2306 intimement,
1112 2225 1263 2312 puisque
1293 2225 1323 2291 le
1352 2240 1462 2292 terme
1492 2225 1636 2311 designe
1664 2225 1770 2290 d’une

437 2357 514 2428 part
531 2341 561 2409 le
578 2341 731 2429 signifit,
750 2356 783 2408 et
800 2340 830 2408 le
847 2356 996 2428 concept
1015 2342 1057 2408 de
1079 2341 1212 2428 l'esprit
1235 2340 1266 2407 le
1288 2340 1470 2428 reproduit
1491 2340 1590 2407 selon
1613 2340 1643 2407 le
1667 2341 1770 2406 mode

525 2646 572 2700 Vl.
595 2645 615 2701 l.
632 2646 684 2717 54',
706 2646 761 2701 col.
779 2646 806 2700 b.
837 2644 987 2717 Incipiunt
1013 2645 1183 2717 questiones
1208 2644 1244 2700 de
1270 2644 1369 2699 anima
1394 2643 1570 2700 intellectiua
1596 2643 1729 2700 ordinate
1755 2661 1770 2698 a

439 2735 576 2806 magistro
590 2735 692 2808 sigero
705 2735 742 2789 de
757 2734 929 2790 brabancia.
949 2733 1051 2808 [Cium
1066 2734 1165 2788 anima
1178 2734 1215 2789 sit
1228 2734 1352 2789 aliorum
1366 2734 1577 2804 cognoscitiua.

524 2824 544 2879 l.
560 2825 613 2896 57',
629 2826 684 2879 col.
701 2825 728 2879 b.
747 2824 913 2896 Expliciunt
926 2824 1095 2894 questiones
1109 2822 1144 2877 de
1158 2822 1255 2877 anima
1269 2823 1445 2879 intellectiua
1457 2823 1589 2879 ordinate
1602 2840 1618 2877 a
1633 2822 1771 2893 magistro

437 2930 541 2987 sigero
556 2914 593 2968 de
608 2913 780 2968 brabancia.
795 2945 830 2953 -
844 2914 915 2986 Voy.
930 2912 1127 2984 Appendices,
1145 2928 1173 2984 p.
1189 2912 1297 2984 87-115.

526 3003 587 3057 Vll.
610 3002 629 3057 s.
646 3004 699 3074 57¹,
714 3004 769 3057 col.
786 3003 813 3059 b.
833 3002 981 3075 incipiunt
994 3001 1163 3073 questiones
1182 3002 1317 3072 logicules
1335 3001 1496 3058 ordinatea
1512 3002 1652 3073 magistro
1669 3000 1770 3074 sigero

437 3091 472 3146 de
487 3092 659 3147 brabancia.
676 3090 774 3164 [T]ria
787 3091 991 3147 discuscienda
1006 3107 1054 3163 per
1067 3091 1199 3146 ordinem
1215 3091 1419 3163 proponimus.

526 3182 544 3236 l.
568 3182 620 3248 58',
641 3183 696 3237 col.
720 3198 746 3236 a.
769 3181 933 3253 Explicit:
956 3182 1001 3236 ille
1021 3181 1112 3237 eciam
1133 3181 1189 3235 iam
1212 3181 1305 3253 posite
1326 3193 1404 3237 sunt.
1427 3212 1460 3220 -
1481 3179 1552 3253 Voy.
1572 3180 1769 3253 Appendices,

439 3272 572 3344 r·³o4⁵·

524 3360 602 3414 Vlll.
625 3360 644 3414 f.
661 3360 713 3427 582,
729 3360 784 3415 col.
801 3360 829 3414 b.
851 3359 924 3414 Sans
941 3359 1014 3415 titre.
1035 3358 1168 3430 lncipit:
1187 3359 1217 3413 ln
1235 3359 1369 3431 pluribus
1389 3358 1521 3431 quidem,
1542 3375 1560 3414 o
1579 3359 1768 3431 dymonice...

525 3448 544 3503 s.
560 3450 613 3522 59'‚
629 3451 685 3505 col.
702 3450 729 3503 b.
749 3448 917 3521 Expliciunt
931 3449 1130 3504 exortaciones
1144 3448 1272 3503 socratis
1288 3447 1446 3522 [isocratis]
1463 3448 1501 3504 ad
1516 3448 1719 3521 dymonicum.

527 3537 574 3591 lx.
598 3537 616 3592 l.
633 3538 686 3610 59',
702 3538 758 3593 col.
774 3538 800 3592 b.
819 3536 924 3608 Incipit
938 3539 1077 3609 prologus
1092 3537 1120 3590 in
1135 3536 1242 3592 librum
1256 3554 1359 3591 senece
1371 3537 1406 3592 de
1419 3537 1553 3592 remediis
1566 3536 1768 3593 fortuitorum.

437 3626 524 3682 Hunc
540 3626 647 3683 librum
663 3627 832 3699 composuit
845 3643 950 3682 seneca
966 3626 1169 3682 nobilissimus
1184 3638 1313 3682 orator...
1333 3627 1412 3681 Licet
1425 3638 1602 3682 cunctorum
1617 3638 1769 3699 poetarum

436 3715 599 3770 carmina...

525 3805 545 3859 s.
561 3805 615 3872 60',
631 3807 686 3861 col.
701 3823 727 3861 a.
744 3805 903 3877 Explicit:
918 3804 997 3860 vides
1013 3816 1110 3861 autem
1125 3820 1215 3876 quam
1231 3803 1312 3860 domi
1328 3804 1365 3860 sit
1378 3804 1433 3860 ista
1448 3804 1569 3860 felicitas
1583 3821 1653 3860 rara.

525 3895 560 3949 X.
583 3895 601 3950 l.
618 3895 671 3961 60',
688 3897 744 3951 col.
759 3912 784 3950 a.
804 3895 908 3967 lncipit
923 3894 993 3949 liber
1005 3893 1041 3949 de
1057 3894 1199 3949 moribus.

525 3985 545 4039 s.
560 3985 604 4051 61,
620 3986 675 4040 col.
692 3986 720 4040 b.
736 3985 861 4057 Explicit
874 4001 979 4040 seneca
994 3983 1030 4038 de
1044 3983 1187 4038 moribus.
1511 4050 1517 4061 ἱ

525 4074 575 4129 Xl.
605 4075 623 4129 f.
646 4074 690 4141 62,
714 4076 769 4130 col.
792 4091 817 4128 a.
842 4074 915 4129 Sans
938 4074 1012 4129 titre.
1038 4072 1228 4137 Yconomica,
1252 4085 1306 4129 etc.
1331 4075 1497 4145 Antequam
1519 4073 1712 4130 descendatur
1732 4075 1768 4129 ad

436 4174 548 4219 textum
563 4164 687 4219 sciencie
699 4163 870 4236 yconomice
883 4162 937 4218 tria
950 4174 1021 4218 sunt
1035 4161 1225 4235 prenotanda.

526 4252 544 4307 f.
561 4254 604 4323 73,
620 4254 676 4308 col.
693 4253 720 4307 b.
743 4252 867 4324 Explicit
882 4252 1024 4324 scriptum
1038 4251 1211 4324 yconomice
1223 4251 1424 4324 compositum
1440 4269 1456 4306 a
1470 4252 1609 4324 magistro
1624 4252 1769 4309 Durando

436 4342 472 4397 de
485 4341 634 4413 hispania,
651 4341 805 4397 colibrensi
819 4341 967 4413 episcopo.

526 4431 590 4485 ΧΗ.
612 4430 632 4485 f.
647 4449 691 4503 74,
710 4432 765 4486 col.
782 4447 807 4485 a.
829 4431 903 4485 Sans
921 4430 996 4486 titre.
1017 4428 1206 4504 [P]ostquam
1225 4430 1301 4486 sacta
1320 4430 1376 4487 fuit
1395 4430 1467 4485 mihi
1488 4431 1604 4503 questio
1622 4447 1672 4504 per
1689 4431 1769 4488 illus-

436 4533 507 4577 trem
534 4521 631 4577 uirum
656 4522 794 4576 iuuenem
818 4520 974 4576 dominum
998 4519 1136 4589 jacobum
1163 4520 1391 4593 primogenitum
1420 4521 1595 4576 serenissimi
1629 4521 1768 4594 principis

435 4610 529 4681 iacobi
549 4611 683 4681 aragonie
703 4611 786 4682 regis,
811 4611 915 4667 Vtrum
937 4611 1030 4683 possit
1053 4612 1185 4665 humano
1206 4610 1323 4680 ingenio
1342 4610 1514 4681 perscrutari
1533 4609 1614 4682 quod
1636 4624 1769 4681 parentes

436 4701 530 4756 bonos
544 4713 572 4755 et
587 4701 729 4773 perlectos
745 4701 819 4756 filios
835 4712 982 4771 generent,
999 4699 1123 4755 excitaui
1139 4699 1215 4755 uires
1234 4715 1312 4754 meas
1330 4715 1381 4771 pro
1397 4716 1517 4771 posse...

525 4790 544 4844 f.
560 4791 603 4856 83,
618 4792 673 4845 col.
689 4807 714 4845 a.
733 4790 857 4862 Explicit
873 4790 986 4845 libellus
1002 4788 1037 4843 de
1053 4788 1169 4860 ingenio
1185 4789 1260 4844 bone
1275 4788 1446 4844 natiuitatis.

524 4879 604 4934 Xlll.
626 4879 646 4933 l.
661 4880 705 4944 83,
720 4880 775 4935 col.
791 4897 817 4934 a.
836 4880 921 4935 Liber
934 4879 1036 4951 incipit
1051 4878 1086 4933 de
1105 4879 1251 4935 sterilitate
1270 4879 1432 4934 mulorum.
1455 4878 1615 4950 lnquisicio
1629 4878 1665 4934 de
1680 4895 1769 4935 causa

436 4968 593 5025 sterilitatis
610 4971 759 5025 mulorum
774 4968 856 5023 valde
870 4968 996 5024 difficilis
1011 4980 1064 5024 est.

524 5058 544 5111 f.
559 5058 603 5123 86,
619 5059 674 5113 col.
692 5059 718 5113 b.
738 5057 862 5130 Explicit
875 5069 1014 5113 tractatus
1030 5057 1159 5128 magistri
1170 5056 1259 5129 pauli
1274 5058 1315 5113 De
1329 5073 1417 5113 causa
1432 5056 1589 5114 sterilitatis
1605 5058 1765 5114 mulorum.

527 5149 536 5181 ¹
554 5147 752 5221 Appendices,
772 5164 800 5220 p.
816 5148 859 5220 39.
