4892 6540
972 920 1175 962 ..11-

408 1087 624 1172 prouidentie,
639 1086 728 1170 quod
743 1098 790 1149 est
804 1099 916 1150 contra
936 1097 1084 1163 sanctos3
1100 1086 1178 1169 quia
1197 1084 1299 1149 nichil
1315 1085 1369 1149 hic
1383 1086 1488 1167 agitur
1501 1086 1590 1169 quod
1611 1086 1740 1170 penitus

407 1194 541 1279 effugiat
560 1185 649 1257 hunc
666 1193 830 1269 ordinem,
850 1194 928 1277 quia
947 1193 1060 1257 omnia
1074 1212 1137 1276 que
1157 1192 1210 1256 hic
1227 1193 1416 1276 aspicimus,
1437 1193 1489 1256 uel
1509 1192 1623 1256 diuina
1642 1192 1741 1257 efficit

408 1301 625 1385 prouidentia,
641 1300 693 1364 uel
710 1301 862 1384 permitit.

487 1408 554 1492 [39]
578 1408 721 1472 Vlterius
739 1409 859 1472 errauit
872 1409 950 1492 quia
966 1409 1073 1491 posuit
1087 1428 1191 1471 vnum
1213 1407 1412 1472 intellectum
1430 1428 1569 1473 numero
1585 1409 1617 1471 in
1633 1408 1740 1471 omni-

409 1515 468 1579 bus
484 1513 689 1592 hominibus,
705 1529 741 1580 ut
755 1535 794 1578 ex
810 1516 902 1579 tertio
917 1514 957 1578 de
971 1516 1081 1578 anima
1098 1529 1192 1598 patet.
1769 1533 1782 1577 s

486 1622 553 1705 [4ο]
577 1622 733 1698 VlteriuS,
748 1623 825 1705 quia
840 1642 879 1685 ex
901 1621 962 1686 hoc
983 1623 1178 1705 sequebatur
1198 1622 1396 1686 intellectum
1421 1642 1488 1686 non
1508 1643 1577 1686 esse
1598 1622 1737 1687 sormam

406 1731 570 1813 corporis3
593 1731 697 1792 immo
715 1729 797 1793 dixit
819 1731 852 1791 in
875 1729 988 1792 eodem
1011 1730 1104 1792 tertio
1123 1729 1210 1813 quod
1232 1730 1389 1813 equiuoce
1407 1730 1574 1793 dicebatur
1592 1746 1682 1794 actus
1700 1730 1740 1793 de

407 1837 569 1901 intellectu
595 1850 625 1901 et
647 1836 719 1900 aliis
746 1836 873 1913 formis,
897 1849 1025 1920 propter
1048 1836 1136 1919 quod
1163 1837 1336 1919 cogebatur
1358 1837 1462 1900 dicere
1486 1840 1498 1880 1
1522 1836 1611 1920 quod
1639 1836 1740 1900 horno

406 1963 472 2007 non
489 1956 662 2028 poneretur
677 1945 709 2007 in
726 1945 830 2028 specie
847 1963 901 2027 per
914 1945 1060 2007 animam
1078 1943 1308 2007 intellectiuam
1325 1944 1380 2007 sed
1397 1964 1452 2027 per
1466 1945 1670 2007 sensitiuam.

486 2052 553 2135 [41]
578 2052 721 2115 Vlterius
740 2071 779 2115 ex
799 2053 860 2116 hoc
880 2050 1098 2115 fundamento
1118 2052 1225 2134 posuit
1244 2051 1333 2135 quod
1352 2070 1391 2113 ex
1410 2052 1522 2113 anima
1544 2050 1739 2113 intellectiua
1771 2080 1800 2111 10

404 2171 435 2222 et
457 2178 590 2242 corpore
612 2178 678 2223 non
701 2158 958 2223 constituebatur
976 2158 1110 2242 aliquod
1132 2160 1275 2234 tertium,
1295 2172 1326 2221 et
1345 2157 1432 2241 quod
1457 2177 1523 2221 non
1548 2157 1645 2221 fiebat
1666 2157 1740 2241 plus

405 2285 508 2329 vnum
524 2285 562 2329 ex
576 2265 632 2329 tali
652 2267 764 2330 anima
778 2279 810 2330 et
823 2284 957 2349 corpore
971 2286 1070 2349 quam
1086 2285 1125 2328 ex
1141 2279 1265 2329 motore
1279 2265 1338 2329 celi
1353 2279 1384 2330 et
1398 2266 1476 2330 celo.

486 2479 676 2564 Capitulum
700 2480 849 2564 quintum
877 2479 997 2564 inquo
1023 2479 1221 2554 summatim,
1246 2492 1306 2543 etc.
1334 2479 1460 2543 Omnes
1485 2492 1593 2543 autem
1618 2499 1739 2544 errores

403 2587 682 2664 commentatoris,
708 2599 811 2670 preter
833 2606 955 2651 errores
979 2586 1166 2671 philosophi
1191 2601 1269 2651 sunt
1292 2587 1363 2650 hii:

485 2694 552 2778 [42]
575 2693 672 2775 Quod
688 2694 779 2757 nulla
794 2693 845 2757 lex
859 2707 906 2758 est
920 2714 1009 2771 uera,
1026 2694 1097 2759 licet
1113 2696 1214 2778 possit
1229 2715 1297 2759 esse
1316 2695 1415 2758 utilis.
1770 2710 1799 2753 ι]

497 2802 552 2884 43]
575 2801 672 2882 Quod
684 2801 820 2885 angelus
832 2801 1047 2886 nichil‘potest
1057 2821 1200 2879 mouere,
1213 2803 1275 2866 nisi
1286 2802 1399 2866 celeste
1408 2821 1525 2886 corpus
1539 2802 1736 2865 immediate.

497 2910 551 2993 44]
574 2909 672 2990 Quod
687 2909 822 2992 angelus
836 2923 884 2973 est
897 2910 981 2974 actio
997 2930 1088 2993 pura.

574 3016 672 3097 Quod
688 3018 720 3079 in
738 3016 829 3079 nulla
844 3016 984 3081 factione
998 3030 1063 3082 tota
1079 3018 1160 3081 ratio
1175 3016 1249 3081 facti
1265 3033 1312 3082 est
1327 3019 1469 3101 potentia
1485 3017 1643 3081 facientis.

573 3122 670 3204 Quod
686 3143 704 3185 a
720 3123 813 3187 nullo
831 3136 944 3206 agente
964 3125 1088 3207 possint
1108 3125 1207 3188 simul
1229 3125 1374 3208 progredi
1396 3125 1582 3189 immediate
1597 3124 1736 3188 diuersa.

573 3230 670 3311 Quod
685 3231 765 3295 deus
790 3251 857 3294 non
882 3233 978 3298 habet
1001 3232 1240 3316 prouidentiam
1265 3233 1451 3316 aliquorum
1480 3232 1735 3315 particularium.
1767 3256 1799 3288 20

573 3338 671 3419 Quod
688 3339 720 3401 in
737 3339 798 3402 deo
814 3359 881 3402 non
895 3354 943 3404 est
956 3341 1093 3404 trinitas.

573 3445 671 3526 Quod
686 3446 766 3510 deus
782 3466 849 3510 non
865 3448 1030 3529 cognoscit
1046 3448 1234 3530 singularia.

573 3552 671 3633 Quod
696 3553 807 3638 aliqua
833 3555 1032 3637 proueniunt
1057 3575 1075 3618 a
1102 3557 1289 3620 necessitate
1316 3557 1448 3620 materie
1475 3557 1598 3640 absque
1624 3555 1738 3620 ordine

562 3660 753 3724 rouidentie.

483 3768 494 3851 [
523 3789 531 3830 ι
572 3768 669 3850 Quod
689 3770 800 3831 anima
821 3769 1016 3832 intellectiua
1036 3788 1103 3833 non
1125 3770 1361 3854 multiplicatur
1380 3773 1652 3856 multiplicatione
1669 3796 1738 3841 cor·
1766 3783 1797 3827 2⁵

403 3893 531 3957 porum,
548 3874 603 3938 sed
619 3889 665 3938 est
681 3895 745 3937 vna
764 3894 913 3940 numero.

482 3982 549 4065 [52]
573 3983 670 4064 Quod
687 3982 789 4047 homo
804 3989 816 4025 ²
832 3984 964 4066 ponitur
980 3985 1013 4046 in
1029 3985 1134 4068 specie
1149 4005 1205 4069 per
1218 3988 1364 4050 animam
1381 3990 1584 4054 sensitiuam.

482 4089 549 4172 [53]
572 4090 669 4171 Quod
686 4109 752 4154 non
769 4091 810 4154 sit
826 4091 899 4174 plus
914 4111 1017 4155 vnum
1033 4094 1198 4157 exanima
1214 4094 1411 4160 intellectiua
1425 4109 1456 4162 et
1469 4116 1613 4181 corpore.

484 2802 518 3205 zffffiffi

521 3019 537 3080 Q

484 3210 517 3313 I*

541 3017 551 3099 l

518 3123 550 3206 6]

518 3235 550 3315 7]

483 3339 551 3421 [48]

483 3446 551 3529 [49]

482 3553 550 3635 [5ο]

474 3678 513 3722 ne
540 3680 560 3742 p

497 3769 512 3831 5
538 3768 549 3851 l

403 3659 469 3722 divi

473 4313 481 4346 ¹
502 4314 635 4388 Maiaque
648 4316 724 4372 dous
738 4317 766 4372 le
781 4333 832 4372 mr.
846 4350 878 4357 —
893 4318 904 4350 ¹
923 4319 969 4374 Ms
983 4320 1016 4388 l·
1031 4336 1101 4375 non.
