4892 6540
1645 862 1769 906 ccxcvii

436 1031 527 1100 Mais
547 1053 638 1098 nous
658 1044 868 1099 retrouvons
893 1029 925 1097 la
945 1029 1089 1116 legende
1110 1029 1278 1117 integrale
1302 1032 1387 1098 chez
1411 1032 1565 1099 d'autres
1586 1052 1769 1100 commen-

436 1162 579 1215 tateurs.
608 1148 752 1235 D’apres
774 1147 852 1228 elle,
882 1168 930 1213 un
958 1146 1128 1233 sophiste,
1153 1146 1309 1233 collegue
1335 1148 1377 1213 de
1405 1147 1517 1234 Siger,
1543 1146 1592 1214 lui
1619 1161 1771 1235 apparut

435 1264 536 1351 apres
558 1284 595 1330 sa
617 1278 722 1330 mort.
744 1264 769 1328 ll
793 1262 936 1343 brdlait,
954 1276 1100 1329 couvert
1120 1264 1162 1329 de
1185 1283 1373 1329 morceaux
1395 1265 1437 1330 de
1459 1263 1688 1350 parchemins
1709 1284 1771 1329 sur

436 1378 587 1467 lesquels
609 1380 738 1446 etaient
760 1379 864 1446 ecrits
886 1379 935 1446 les
957 1378 1158 1466 sophismes
1181 1378 1268 1466 qu'il
1292 1379 1385 1445 avait
1408 1378 1592 1466 enseignes
1613 1380 1771 1466 pendant

435 1515 473 1560 sa
496 1494 562 1561 vie.
593 1496 642 1561 La
665 1494 780 1561 vision
809 1509 918 1583 ayant
943 1494 1101 1582 repando
1127 1515 1196 1559 une
1221 1508 1340 1581 goutte
1364 1495 1406 1560 de
1431 1514 1468 1561 sa
1492 1514 1601 1561 sueur
1624 1495 1714 1561 dans
1739 1493 1771 1560 la

437 1610 533 1677 main
557 1612 599 1677 de
621 1610 732 1699 Siger,
756 1611 788 1677 13
811 1610 906 1676 main
928 1609 980 1676 fut
1000 1610 1233 1697 transpercee.
1259 1608 1391 1697 Depuis
1412 1631 1450 1677 ce
1475 1625 1648 1689 moment,
1673 1610 1772 1697 Siger

437 1746 591 1811 renonca
610 1727 630 1792 a
650 1725 681 1793 la
702 1725 925 1813 sophistique
944 1742 977 1793 et
996 1747 1032 1792 se
1053 1726 1141 1792 livra
1160 1726 1180 1791 a
1201 1726 1327 1793 l'etude
1347 1726 1389 1792 de
1410 1725 1442 1792 la
1463 1725 1637 1813 theologie
1657 1731 1679 1790 ¹.

526 1843 649 1909 Renan
674 1863 694 1908 a
717 1863 780 1910 cru
806 1842 957 1929 pouvoir
984 1841 1200 1929 rapprocher
1222 1856 1310 1908 cette
1336 1841 1480 1928 legende
1505 1842 1591 1907 d'un
1620 1841 1705 1908 recit
1730 1842 1771 1907 de

435 1958 551 2025 vision
582 1957 745 2045 rapporte
773 1978 837 2046 par
866 1957 896 2025 le
921 1958 1167 2045 chroniqueur
1194 1957 1415 2025 dominicain
1444 1958 1486 2024 de
1514 1957 1659 2024 Colmar
1687 1977 1772 2024 sous

435 2096 473 2141 ce
500 2075 603 2141 titre:
631 2075 685 2141 De
712 2074 851 2141 uisione
878 2074 1091 2164 uagabundi
1117 2075 1264 2161 Serer2.
1293 2073 1429 2139 «Sans
1457 2073 1576 2153 doute,
1605 2071 1710 2152 dit-il,
1742 2073 1772 2138 le

435 2211 656 2277 personnage
685 2190 767 2277 qu'a
795 2211 838 2256 en
869 2211 934 2257 vue
964 2191 994 2256 le
1022 2189 1268 2277 chroniqueur
1294 2190 1336 2256 de
1363 2189 1509 2256 Colmar
1536 2189 1623 2255 n’est
1650 2210 1713 2275 pas
1741 2187 1772 2254 le

437 2304 637 2393 professeur
664 2306 780 2372 meme
806 2307 849 2373 de
876 2305 908 2371 la
936 2326 998 2372 rue
1024 2306 1071 2372 du
1102 2307 1270 2372 Fouarre.
1300 2305 1325 2370 11
1351 2319 1403 2371 est
1429 2305 1597 2392 probable
1625 2325 1694 2392 que
1723 2303 1772 2371 les

435 2436 579 2489 auteurs
605 2424 647 2489 de
673 2422 706 2488 la
732 2422 876 2509 legende
901 2422 1042 2489 terrible
1065 2423 1107 2488 de
1132 2422 1232 2509 Siger
1254 2421 1297 2488 de
1324 2422 1479 2487 Brabant
1504 2442 1546 2487 ne
1572 2420 1678 2487 firent
1702 2441 1772 2508 que

437 2538 583 2626 profiter
605 2539 712 2604 d'une
737 2538 973 2626 homonymie
996 2558 1042 2604 ou
1067 2538 1173 2605 d’une
1201 2537 1458 2604 ressemblance
1484 2537 1526 2604 de
1554 2557 1653 2617 nom,
1680 2556 1771 2623 pour

436 2655 608 2721 attribuer
628 2676 673 2720 au
697 2651 898 2741 professeur
920 2675 989 2720 une
1014 2653 1157 2741 legende
1179 2654 1240 2742 qui
1263 2653 1400 2721 courait
1421 2653 1547 2740 depuis
1571 2653 1772 2740 longtemps

437 2791 519 2837 sous
543 2792 590 2836 un
617 2790 700 2837 nom
726 2769 959 2836 ressemblant
979 2791 1024 2835 au
1047 2770 1136 2836 sien.
1161 2771 1210 2836 La
1230 2769 1431 2857 chronique
1450 2770 1493 2836 de
1513 2768 1657 2835 Colmar
1677 2766 1771 2835 four-

439 2885 545 2953 nirait
567 2886 658 2952 ainsi
684 2885 716 2952 13
741 2884 855 2953 forme
880 2886 911 2951 13
935 2885 1016 2972 plus
1039 2886 1212 2972 complete
1236 2887 1278 2952 de
1302 2885 1334 2951 13
1358 2884 1502 2973 legende
1525 2905 1594 2973 que
1618 2885 1773 2951 Vincent

435 3003 479 3069 de
504 3002 672 3069 Beauvais
696 3015 729 3068 et
752 3002 905 3068 d'autres
928 3015 991 3068 ont
1014 3001 1100 3068 citee
1124 3022 1207 3067 sans
1228 3024 1251 3090 y
1273 3001 1382 3068 meler
1402 3002 1445 3069 de
1468 3021 1552 3068 nom
1575 3020 1716 3088 propre,
1739 3014 1773 3067 et

435 3140 505 3206 que
545 3118 593 3184 les
632 3132 935 3185 commentateurs
974 3119 1016 3184 de
1058 3120 1169 3185 Dante
1204 3131 1268 3184 ont
1303 3117 1460 3204 reportee
1495 3138 1557 3183 sur
1592 3117 1691 3203 Siger
1729 3116 1771 3182 (13

438 3236 626 3301 Brabant»
645 3239 668 3298 ³.
698 3234 798 3300 Ainsi
829 3234 861 3300 la
888 3234 1084 3302 similitude
1109 3236 1152 3301 de
1179 3256 1263 3301 nom
1293 3249 1392 3300 entre
1420 3234 1520 3321 Siger
1546 3236 1589 3300 de
1619 3234 1772 3300 Brabant

527 3505 534 3534 ¹
556 3503 611 3558 lste
631 3502 756 3558 ultimus
777 3502 832 3558 131(
852 3502 990 3572 51331133,
1011 3503 1120 3558 Doctor
1139 3502 1316 3558 parisiensis.
1342 3503 1397 3558 lste
1418 3502 1492 3558 inter
1509 3515 1616 3557 ceteras
1637 3502 1772 3558 scientias

436 3591 492 3647 1311
518 3592 644 3646 maxime
670 3592 792 3662 logicus.
822 3592 1008 3664 Sophisticus
1035 3592 1157 3663 quidam
1184 3592 1318 3665 apparuit
1346 3592 1400 3647 sibi
1429 3605 1496 3664 post
1522 3604 1662 3658 mortem,
1691 3604 1772 3648 totus

436 3681 552 3735 territus
564 3696 571 3745 ;
593 3693 620 3736 et
641 3680 837 3736 manifestavit
857 3698 897 3745 se,
920 3681 1044 3736 dicens:
1066 3698 1119 3751 ego
1140 3698 1206 3736 sum
1229 3681 1302 3737 talis.
1327 3682 1362 3736 Et
1381 3680 1509 3738 ostendit
1529 3680 1653 3753 qualiter
1673 3681 1770 3743 flabat,

436 3769 505 3839 quia
527 3781 587 3824 erat
609 3782 746 3824 oneratus
770 3770 925 3833 brevibus;
949 3782 976 3825 et
999 3770 1047 3824 illa
1069 3783 1150 3825 erant
1173 3770 1331 3842 sophistica
1354 3771 1464 3841 quibus
1488 3771 1624 3826 utebatur
1647 3769 1674 3824 in
1699 3769 1768 3825 uita.

437 3857 472 3911 Et
491 3857 620 3912 ostendit
640 3858 694 3912 sibi
715 3874 805 3929 quam
828 3875 951 3930 poenam
973 3860 1082 3914 dabant
1103 3859 1176 3923 sibi;
1199 3859 1269 3930 quia
1289 3859 1365 3931 cepit
1387 3876 1507 3915 manum
1529 3859 1602 3929 ejus,
1625 3872 1652 3915 et
1673 3860 1772 3931 posuit

436 3945 470 4001 ad
495 3963 590 4002 unum
615 3947 745 4001 toramen
769 3948 858 4003 unius
882 3948 997 4013 breuis;
1021 3961 1049 4003 et
1071 3948 1161 4004 exiuit
1184 3949 1275 4004 sudor
1297 3950 1348 4019 331
1373 3950 1455 4005 uisus
1478 3962 1521 4005 est
1544 3949 1686 4021 perforare
1710 3966 1771 4004 non

436 4037 532 4091 solum
556 4052 677 4091 manum
699 4035 748 4090 sed
770 4053 820 4092 cor
840 4036 933 4108 ipsius
953 4038 1093 4109 corporis.
1109 4038 1196 4093 Tunc
1216 4039 1269 4093 iste
1289 4038 1436 4110 disposuit
1456 4056 1486 4093 se
1506 4039 1541 4093 ad
1563 4055 1622 4093 non
1644 4040 1771 4110 amplius

436 4125 617 4182 studendum
642 4125 670 4180 in
695 4125 944 4197 sophisticalibus‚
971 4127 1019 4181 sed
1045 4127 1073 4181 in
1100 4143 1179 4181 sacra
1204 4128 1358 4197 theologia.
1386 4127 1494 4182 [lirina
1518 4127 1699 4192 Commedia,
1723 4128 1768 4182 ed.

437 4215 469 4270 V.
488 4216 592 4270 Paours
612 4227 640 4271 et
654 4215 686 4270 C.
705 4215 922 4281 Nacaou1‚vol.
946 4216 997 4282 111,
1014 4216 1119 4281 Turin,
1146 4217 1220 4282 1888,
1243 4233 1270 4288 p.
1297 4218 1353 4271 138.
1380 4217 1418 4271 Le
1435 4218 1645 4274 commentaire
1659 4218 1714 4274 cite
1728 4230 1771 4273 est

436 4304 471 4359 de
486 4304 606 4360 Stelano
619 4304 718 4359 Talice
733 4304 770 4359 da
787 4304 954 4359 Ricaldone.
973 4306 1011 4360 Le
1026 4306 1106 4360 Clerc
1121 4322 1137 4359 a
1152 4305 1227 4360 edite
1242 4323 1282 4361 un
1299 4306 1441 4377 fragment
1457 4307 1552 4362 italien
1569 4308 1639 4378 qu’il
1656 4306 1771 4377 regarde

436 4410 552 4449 comme
567 4394 733 4466 dependant
748 4394 788 4450 du
805 4394 1014 4449 commentaire
1029 4394 1064 4449 de
1082 4395 1250 4451 Benvenuto
1265 4395 1302 4450 da
1320 4396 1411 4451 lmola
1424 4396 1476 4468 qui
1491 4398 1621 4454 contient
1637 4399 1662 4452 le
1677 4400 1771 4453 meme

439 4483 508 4539 fond
529 4483 690 4554 legendaire
705 4501 763 4555 333
784 4485 809 4538 13
828 4483 947 4540 citation
965 4484 1144 4555 precedente,
1161 4485 1230 4540 saus
1246 4502 1303 4556 que
1318 4485 1399 4557 Siger
1413 4499 1457 4542 est
1476 4487 1519 4542 dit
1534 4490 1617 4559 palen
1633 4500 1661 4544 et
1676 4505 1705 4543 se
1721 4489 1770 4544 131(

438 4573 563 4645 baptiser
576 4575 592 4627 a
606 4575 632 4628 la
645 4573 720 4629 suite
732 4573 768 4628 de
781 4574 806 4628 la
820 4573 925 4628 vision.
939 4572 1076 4628 Histoire
1089 4573 1240 4628 1111113113
1251 4574 1288 4629 de
1301 4575 1330 4629 13
1344 4575 1470 4641 France,
1485 4577 1563 4643 XXI,
1579 4593 1606 4648 p.
1625 4594 1683 4647 114,
1699 4594 1726 4632 n.
1746 4595 1768 4632 1.

526 4662 751 4717 'Monumenta
777 4662 956 4717 Germaniae
980 4661 1145 4718 Historica.
1174 4663 1358 4735 Scriptores,
1385 4677 1404 4720 t.
1431 4665 1521 4729 XVll,
1548 4682 1575 4737 p.
1603 4667 1663 4721 253.
1692 4667 1770 4722 Dans

438 4750 565 4807 l’edition
579 4763 606 4805 et
622 4752 647 4805 la
661 4751 826 4807 traduction
840 4751 875 4806 de
889 4752 943 4805 Cn.
958 4752 1078 4805 Gaaaao
1091 4764 1119 4807 et
1133 4753 1157 4807 1.
1175 4753 1282 4819 113113,
1299 4753 1355 4808 Les
1367 4755 1501 4809 Annales
1514 4763 1542 4808 et
1556 4755 1584 4809 13
1600 4755 1771 4828 Cltronique

436 4839 487 4894 des
501 4839 709 4895 Dominicains
723 4841 760 4895 de
774 4840 904 4906 Colmar,
920 4841 1047 4906 Colmm,
1067 4842 1140 4912 1854,
1158 4858 1185 4913 p.
1201 4844 1262 4913 298.
1280 4843 1427 4899 D'aucuns
1442 4855 1565 4914 pensent
1579 4861 1637 4915 que
1651 4846 1674 4899 le
1687 4844 1771 4899 Sezer

437 4928 476 4984 du
498 4928 697 5000 chroniqueur
714 4929 749 4983 de
767 4930 885 4984 Colmar
905 4931 977 4986 n‘est
997 4942 1078 4986 autre
1098 4947 1156 5001 que
1178 4932 1201 4986 le
1223 4931 1426 5003 minnesa'nger
1447 4933 1575 4988 Dietmar
1594 4933 1645 4988 der
1662 4934 1768 4990 Setzer.

438 5018 627 5089 Allgemeine
642 5018 788 5073 Deutsclte
803 5019 999 5091 Biogropltie,
1016 5020 1073 5074 vol.
1090 5021 1134 5090 34.
1154 5020 1278 5093 Leipzig,
1299 5023 1373 5093 1892,
1392 5038 1419 5093 p.
1436 5022 1470 5092 48
1485 5034 1512 5078 et
1528 5023 1602 5079 suiv.

525 5108 536 5139 ⁸
555 5107 692 5163 Histoire
707 5107 858 5163 1111113113
872 5108 908 5163 (13
923 5110 952 5162 13
967 5108 1095 5177 France,
1113 5121 1132 5164 t.
1151 5110 1242 5176 XXV,
1260 5127 1286 5182 p.
1304 5110 1366 5164 652.
