4872 6552
948 901 1175 964 -105-

394 1090 523 1165 sentire,
551 1090 594 1153 ita
628 1092 720 1152 nec¹
752 1089 823 1151 sine
851 1087 1102 1151 fantasmatibus
1131 1106 1198 1151 non
1227 1101 1274 1151 est
1303 1088 1489 1171 intelligere.
1519 1088 1610 1152 Sicut
1637 1090 1726 1151 enim

393 1195 554 1279 discipulo
580 1196 754 1278 geometrie
782 1194 1004 1259 formantur¹
1036 1193 1236 1258 uniuersales
1269 1196 1413 1259 raciones
1446 1195 1616 1278 trianguli,
1650 1214 1729 1278 qua-

394 1303 544 1386 dranguli
566 1306 579 1345 1
602 1306 674 1366 ex¹
704 1303 945 1385 subscripcione
968 1304 1002 1364 in
1028 1301 1171 1385 puluere,
1196 1303 1242 1364 sic
1271 1316 1301 1365 et
1331 1304 1442 1366 anime
1473 1301 1667 1366 intellectiue
1690 1322 1728 1364 ex

394 1409 645 1473 fantasmatibus
659 1410 672 1451 ⁶
686 1409 896 1473 sensibilibus
912 1429 1019 1472 rerum
1040 1410 1171 1492 species.
1189 1409 1286 1490 Quod
1307 1411 1347 1485 si,
1363 1422 1399 1472 ut
1418 1411 1527 1473 uisum
1544 1422 1602 1484 est,
1618 1411 1729 1472 anime

395 1536 462 1580 non
482 1530 529 1580 est
547 1536 631 1599 opus
647 1517 814 1600 proprium
835 1516 981 1600 aliquod,
998 1536 1065 1579 non
1081 1529 1128 1579 est
1148 1515 1334 1597 separabilis
1354 1536 1372 1579 a
1387 1536 1530 1599 corpore,
1547 1516 1727 1580 secundum
1758 1535 1771 1580 5

395 1624 614 1688 intencionem
633 1624 836 1706 Philosophi.

476 1731 615 1812 Quarto,
637 1731 723 1795 idem
746 1729 927 1794 ostenditur
953 1732 1008 1793 sic.
1031 1731 1065 1794 Si
1088 1732 1199 1793 anima
1221 1730 1315 1795 debet
1335 1751 1354 1794 a
1377 1730 1472 1794 nobis
1494 1730 1556 1793 dici
1576 1734 1589 1773 1
1613 1730 1730 1793 habere

395 1850 513 1901 statum
537 1851 734 1920 separatum,
749 1850 806 1901 aut
825 1837 887 1901 hoc
905 1853 1037 1920 apparet
1057 1838 1151 1900 nobis
1167 1836 1206 1899 de
1221 1841 1232 1879 ⁷
1248 1839 1359 1901 anima
1380 1857 1434 1921 per
1453 1857 1489 1900 ea
1503 1840 1516 1879 ⁸
1531 1858 1594 1920 que
1608 1852 1731 1901 exercet

394 1964 469 2007 cum
485 1958 533 2008 est
552 1946 586 2007 in
606 1964 750 2029 corpore,
766 1958 822 2007 aut
842 1964 897 2027 per
911 1964 947 2007 ea
966 1964 1029 2026 que
1048 1957 1171 2007 exercet
1189 1964 1263 2007 cum
1285 1945 1326 2008 sit
1346 1960 1490 2027 separata
1508 1948 1521 1987 1
1542 1965 1561 2008 a
1584 1964 1727 2026 corpore.

396 2052 493 2115 Nunc
513 2065 621 2115 autem
646 2072 700 2135 per
721 2072 757 2115 ea
778 2071 842 2135 que
862 2064 985 2115 exercet
1005 2071 1081 2115 cum
1104 2053 1196 2114 sitin
1218 2071 1350 2133 corpore
1365 2054 1401 2127 11,
1419 2072 1485 2114 non
1507 2067 1638 2135 apparet
1656 2071 1728 2114 eam
1761 2084 1791 2115 ιο

395 2158 534 2223 totaliter
554 2179 622 2222 esse
644 2158 855 2242 separabilem
877 2179 896 2221 a
917 2178 1062 2242 corpore,
1087 2160 1171 2222 sicut
1192 2159 1255 2221 iarn
1280 2160 1388 2222 uisum
1413 2172 1472 2234 est,
1496 2178 1571 2222 curn
1598 2158 1728 2221 nullum

395 2280 503 2330 actum
528 2286 673 2330 exercere
695 2267 795 2349 possit
817 2266 997 2329 secundum
1023 2286 1116 2329 suam
1142 2278 1291 2329 naturam
1315 2268 1386 2329 sine
1407 2286 1538 2349 corpore
1559 2281 1589 2331 et
1611 2266 1730 2330 fantas-

396 2388 500 2451 mate;
527 2394 586 2437 nec
611 2375 712 2437 eciam
739 2386 842 2457 potest
865 2372 968 2437 uideri
992 2372 1131 2436 totaliter
1154 2386 1299 2456 separata
1322 2394 1340 2435 a
1363 2393 1495 2456 corpore
1520 2393 1575 2456 per
1598 2373 1730 2437 effectus

394 2494 584 2565 apparentes
598 2481 639 2544 de
652 2501 688 2544 ea
703 2501 722 2543 a
736 2500 868 2563 corpore
888 2493 1049 2564 separata,
1069 2499 1144 2542 curn
1162 2480 1355 2544 hominibus
1374 2483 1605 2557 communiter,
1627 2482 1730 2545 immo

395 2590 496 2653 eciam
521 2588 561 2651 ad
587 2588 649 2651 hoc
673 2589 802 2651 studere
826 2587 1012 2651 ualentibus
1031 2590 1075 2664 ¹¹,
1099 2607 1165 2651 non
1181 2603 1358 2671 appareant
1380 2608 1475 2671 opera
1499 2590 1609 2652 anime
1632 2587 1728 2652 talem
1762 2606 1791 2650 ιε

396 2708 516 2759 statum
547 2695 707 2758 habentis.
738 2695 835 2776 Quod
865 2696 890 2758 si
920 2695 1039 2777 aliquis
1067 2695 1153 2758 dicat
1181 2695 1418 2777 Philosophum
1447 2695 1550 2759 dicere
1582 2697 1728 2759 animam

396 2804 534 2886 separari
561 2804 602 2866 ab
628 2802 700 2865 aliis
727 2801 903 2866 uirtutibus
929 2803 1056 2877 anime,
1084 2803 1167 2865 sicut
1193 2816 1382 2885 perpetuum
1410 2823 1429 2866 a
1453 2803 1672 2885 corruptibili,
1700 2818 1732 2866 et

397 2911 512 2973 iterum
537 2930 612 2973 cum
638 2911 679 2973 sit
704 2911 772 2992 ipsa
788 2914 814 2952 11
837 2922 988 2993 perpetua
1014 2923 1045 2971 et
1072 2909 1339 2991 incorruptibilis,
1363 2929 1481 2992 corpus
1504 2923 1612 2973 autem
1637 2911 1731 2972 cuius

395 3031 442 3081 est
461 3031 550 3080 actus
569 3028 796 3099 corrumpatur
811 3019 847 3092 11,
867 3035 994 3079 necesse
1013 3030 1060 3080 est
1075 3036 1146 3079 eam
1163 3019 1189 3059 ¹¹
1205 3017 1343 3099 separari
1363 3036 1381 3079 a
1400 3036 1532 3099 corpore
1551 3031 1582 3080 et
1601 3037 1731 3081 manere

396 3138 587 3208 separatam.
1760 3153 1792 3185 20

476 3231 659 3295 Dicendum
689 3245 736 3295 est
763 3231 944 3295 secundum
972 3232 1214 3313 exposicionem
1239 3231 1515 3294 Commentatoris
1531 3231 1556 3273 ¹⁵
1587 3245 1618 3294 et
1650 3230 1732 3295 forte

396 3341 616 3404 intencionem
639 3338 819 3402 Aristotelis
846 3338 1026 3401 secundum
1056 3338 1208 3421 predicta,
1224 3338 1313 3421 quod
1340 3340 1451 3401 anima
1477 3352 1642 3422 separatur
1665 3360 1683 3402 a
1706 3344 1731 3382 11

395 3466 527 3530 corpore
552 3449 594 3510 ita
617 3446 706 3530 quod
731 3459 852 3521 manet,
878 3446 952 3508 licet
975 3466 1042 3509 non
1065 3448 1106 3509 sit
1127 3447 1196 3509 eius
1218 3459 1320 3521 actus,
1345 3460 1455 3509 tamen
1481 3466 1538 3510 nec
1563 3448 1691 3530 penitus
1712 3468 1731 3510 a

395 3573 528 3637 corpore
551 3568 728 3635 separatur,
755 3572 793 3615 eo
819 3553 906 3634 quod
932 3553 988 3614 etsi
1015 3572 1082 3615 non
1107 3554 1149 3615 sit
1172 3553 1271 3615 huius
1294 3555 1437 3635 corporis
1460 3556 1601 3637 corrupti
1628 3567 1730 3629 actuS,

396 3674 506 3723 tamen
530 3675 577 3723 est
600 3660 732 3723 alterius
748 3662 771 3702 11
793 3660 936 3742 corporis
959 3672 1062 3735 actuS,
1078 3679 1152 3721 cum
1176 3660 1357 3723 secundum
1383 3662 1601 3725 intencionem
1625 3661 1732 3724 Philo
1760 3678 1792 3721 25

396 3768 491 3850 sophi
515 3768 634 3850 species
657 3766 804 3829 humana
826 3768 867 3829 sit
888 3778 996 3829 eterna
1018 3767 1101 3829 sicut
1122 3780 1152 3830 et
1174 3767 1329 3850 perfeccio
1343 3769 1413 3831 eius
1429 3771 1453 3811 ¹⁸
1468 3789 1530 3852 que
1552 3782 1599 3832 est
1619 3771 1731 3832 anima

397 3875 612 3951 intellectiua3
629 3875 717 3937 etita
734 3873 862 3937 uidetur
873 3874 952 3957 quid
969 3873 1182 3937 iudicandum
1202 3877 1242 3937 sit
1261 3875 1301 3938 de
1319 3877 1431 3938 anima
1445 3876 1625 3939 secundum
1642 3877 1730 3960 quod

396 3995 528 4065 apparet
542 3982 581 4045 de
597 3983 678 4065 ipsa,
700 3981 750 4044 uel
772 3980 951 4043 secundum
969 3983 994 4023 11
1011 3983 1203 4064 apparencia
1218 3982 1258 4046 de
1279 3985 1358 4064 ipsa.
1376 3983 1460 4045 Cum
1477 3985 1565 4046 enim
1587 3986 1732 4067 inopere

396 4091 466 4152 eius
494 4109 560 4153 non
588 4088 767 4172 dependeat
792 4108 830 4151 ex
858 4089 917 4151 hoc
945 4108 1078 4172 corpore
1105 4090 1187 4152 sicut
1212 4109 1251 4152 ex
1276 4108 1398 4172 organo
1424 4109 1578 4172 corporeo
1604 4092 1638 4153 in
1665 4111 1731 4175 quo

397 4196 514 4260 habeat
536 4216 616 4272 esse,
641 4195 818 4278 intelligere
842 4215 908 4259 non
933 4195 1027 4260 debet
1048 4198 1226 4279 corrumpi,
1251 4196 1312 4260 hoc
1335 4217 1467 4280 corpore
1490 4211 1653 4277 corrupt0,
1676 4198 1730 4261 sed
1760 4213 1792 4258 30

397 4324 548 4381 manere;
564 4305 640 4387 quia
656 4318 765 4367 tamen
783 4323 840 4366 nec
855 4303 951 4367 habet
965 4323 1048 4387 opus
1065 4305 1135 4367 sine
1149 4324 1293 4387 corpore,
1310 4324 1369 4367 nec
1389 4319 1498 4369 manet
1513 4305 1582 4367 sine
1596 4325 1691 4388 opere
1706 4308 1731 4348 11

398 4432 457 4476 nec
470 4412 609 4476 totaliter
623 4412 753 4475 uidetur
767 4432 785 4474 a
799 4429 932 4495 corpore
947 4413 1097 4494 separari.

480 4521 612 4602 Quinto,
635 4520 720 4583 idem
750 4520 796 4582 sic
823 4519 1005 4582 ostenditur
1019 4521 1055 4582 ¹¹.
1073 4519 1261 4583 Secundum
1289 4521 1509 4583 intencionem
1536 4520 1730 4597 Aristotelis,

480 4726 570 4780 1Ρ-
588 4725 733 4779 r.-¹V-
767 4726 795 4779 in
810 4724 957 4795 discipulo
971 4724 1332 4796 formanturgeometrice.
1347 4756 1380 4765 —
1395 4725 1488 4777 'V-
1506 4742 1527 4779 r.
1543 4728 1638 4780 -1Ρ
1693 4739 1729 4781 et.

397 4847 430 4855 —
448 4815 460 4847 1
479 4815 500 4867 V
571 4815 728 4871 similibus.
747 4847 781 4854 -
806 4813 818 4846 1
835 4815 858 4867 V
877 4858 882 4861 .
904 4839 911 4859 τ
928 4813 1014 4869 debet
1036 4814 1092 4868 dici
1114 4830 1130 4867 a
1153 4814 1248 4881 nobis.
1266 4846 1299 4854 -
1321 4815 1332 4846 1
1352 4815 1422 4869 P—
1440 4832 1461 4869 r.
1480 4845 1516 4855 —
1534 4815 1581 4868 ¹V
1599 4846 1633 4855 -
1651 4832 1676 4869 2.
1697 4847 1731 4855 —

397 4904 409 4937 1
427 4906 447 4959 P
464 4934 500 4944 —
518 4920 533 4958 2
552 4928 586 4951 .:
603 4917 646 4960 est
660 4904 700 4959 in.
714 4936 749 4944 ·-
768 4904 791 4936 ¹⁰
809 4905 881 4959 Ρ-
903 4920 942 4959 10.
963 4935 997 4943 —
1019 4903 1040 4935 ¹¹
1062 4903 1083 4955 V
1149 4904 1326 4959 volentibus.
1341 4936 1375 4943 —
1397 4904 1419 4935 11
1438 4905 1459 4956 V
1522 4905 1617 4976 primo
1635 4905 1682 4960 sit.
1697 4938 1731 4944 —

400 4994 420 5026 11
442 4996 511 5049 P:-
523 4994 732 5065 corrumpitur.
747 5023 782 5034 —
803 4993 827 5025 ¹⁴
845 4996 915 5049 P-
932 5009 953 5046 r.
968 5024 1002 5032 —-
1025 4992 1046 5025 11
1064 4993 1085 5046 P
1097 5018 1134 5038 ε
1146 5008 1348 5048 communem.
1367 5025 1401 5033 —
1422 4992 1444 5025 11
1461 4994 1484 5045 V
1554 4993 1591 5048 ab
1612 4995 1677 5049 hoc.
1698 5026 1731 5034 -

400 5083 457 5134 ¹¹V
518 5083 636 5138 alterius
649 5096 702 5139 est.
717 5114 751 5123 -
767 5082 824 5134 ¹¹V
847 5110 852 5111 ff
885 5083 948 5137 eius
961 5082 1112 5154 perfeccio,
1128 5114 1159 5121 —
1178 5082 1198 5114 11
1211 5082 1278 5136 V-
1291 5082 1316 5137 6.
1329 5114 1362 5122 —
1377 5082 1514 5157 ²⁰P-4.
1526 5115 1560 5122 —
1575 5083 1631 5136 ¹¹V
1686 5100 1731 5145 os-

398 5171 528 5239 tenditur
542 5173 628 5237 idem,
