4906 6542
1702 880 1754 922 tlx

420 1049 565 1136 qu’elles
582 1070 618 1115 se
635 1062 815 1136 trompent
834 1068 877 1114 en
899 1049 984 1129 cela,
1002 1070 1072 1135 que
1089 1049 1138 1114 les
1156 1048 1279 1115 Latins
1299 1059 1380 1114 sont
1395 1047 1473 1137 ddja
1489 1068 1532 1114 en
1551 1048 1752 1135 possession

420 1167 462 1231 de
485 1166 517 1232 la
541 1164 780 1253 philosophie,
803 1165 929 1251 qo'elle
951 1179 1003 1231 est
1022 1165 1197 1253 complete
1217 1178 1251 1230 et
1271 1163 1376 1229 ecrite
1397 1164 1487 1229 dans
1510 1164 1587 1230 leur
1611 1165 1751 1251 langue.

421 1282 495 1348 Elle
511 1303 531 1348 a
548 1282 613 1361 ete,
634 1302 677 1347 en
699 1280 791 1361 effet,
809 1282 996 1369 composee
1016 1283 1057 1347 de
1079 1302 1163 1347 mon
1187 1294 1301 1368 temps
1321 1294 1354 1346 et
1375 1280 1512 1367 poblite
1529 1281 1549 1345 a
1566 1280 1676 1346 Paris.
1697 1282 1753 1347 On

419 1398 485 1464 cite
505 1418 570 1464 son
590 1412 716 1463 auteur
737 1418 879 1463 comme
899 1397 1063 1475 autorite,
1086 1418 1146 1464 car
1167 1399 1209 1463 de
1231 1399 1347 1462 meme
1369 1417 1438 1483 que
1459 1398 1548 1462 dans
1573 1397 1621 1462 les
1641 1397 1755 1463 ecoles

419 1534 465 1580 on
481 1514 626 1601 allegoe
651 1513 816 1591 Aristote,
842 1512 1022 1578 Avicenne
1047 1527 1080 1579 et
1103 1514 1288 1591 Averroes,
1313 1513 1404 1578 ainsi
1430 1510 1554 1578 fait-on
1579 1533 1662 1584 avec
1689 1512 1752 1578 lui.

421 1633 464 1697 Et
488 1645 542 1697 cet
569 1629 715 1695 homme
738 1630 789 1694 vit
814 1650 954 1707 encore,
975 1642 1008 1695 et
1029 1629 1051 1694 il
1073 1651 1092 1695 a
1111 1650 1168 1707 eo,
1196 1629 1239 1695 de
1263 1650 1327 1695 son
1350 1629 1484 1708 vivant,
1510 1649 1580 1694 une
1603 1628 1754 1695 antorite

419 1748 598 1834 qo'aocon
631 1747 779 1812 homme
811 1747 907 1811 n'eot
935 1746 1063 1833 jamais
1093 1767 1136 1812 en
1170 1746 1314 1811 manere
1345 1746 1387 1811 de
1417 1746 1577 1811 doctrine
1589 1770 1598 1828 ;
1632 1766 1692 1811 cat
1724 1746 1754 1811 le

419 1863 541 1930 Christ
568 1862 683 1928 mente
711 1861 799 1927 n’est
826 1883 886 1949 pas
912 1862 1025 1927 arrivd
1051 1861 1256 1950 jusque-lit,
1285 1860 1333 1927 lui
1362 1862 1423 1948 qui
1451 1859 1504 1927 fot
1532 1861 1635 1947 rejete
1662 1861 1753 1927 ainsi

420 1999 489 2067 que
508 1999 546 2046 sa
563 1978 722 2044 doctrine
740 2003 759 2041 »
778 1982 800 2042 1.
822 1979 936 2044 Bacon
958 1992 1010 2043 est
1026 1979 1202 2043 vraiment
1222 1978 1349 2044 obsedt
1367 1999 1430 2064 par
1446 1991 1533 2044 cette
1554 1976 1753 2064 reputation

418 2095 588 2162 colossale
616 2093 775 2159 d'Albert
802 2108 834 2159 et
862 2107 948 2159 cette
977 2092 1155 2160 influence
1183 2094 1245 2179 qoi
1274 2114 1294 2158 a
1322 2093 1451 2159 envahi
1479 2094 1509 2159 le
1537 2094 1667 2159 monde
1694 2095 1754 2160 des

419 2211 543 2277 dcoles.
574 2210 743 2275 Pario-t-il
771 2210 832 2275 des
858 2230 955 2296 sages
980 2210 1028 2275 les
1054 2209 1134 2296 plos
1161 2207 1305 2275 fameux
1331 2209 1446 2295 parmi
1474 2210 1522 2275 les
1548 2210 1755 2275 chretiens?

420 2328 510 2393 L'on
530 2340 583 2392 est
602 2325 736 2405 Albert,
759 2326 801 2391 de
822 2325 959 2391 l'Ordre
979 2326 1039 2391 des
1060 2325 1256 2391 Prdcheurs
1273 2330 1297 2388 2.
1320 2326 1431 2412 Apris
1451 2324 1575 2391 l'avoir
1595 2325 1752 2412 denigre,

420 2444 442 2509 il
467 2443 497 2509 le
522 2442 602 2509 loue
625 2442 822 2528 cependant
843 2455 876 2507 et
898 2440 928 2507 le
950 2456 1023 2507 met
1043 2441 1230 2507 audessos
1253 2441 1295 2507 de
1320 2454 1397 2508 toot
1421 2441 1451 2507 le
1473 2454 1561 2506 reste
1585 2442 1644 2506 des
1669 2462 1755 2528 gens

418 2559 570 2637 d'etode,
594 2577 655 2624 car
679 2557 762 2623 c'est
789 2555 836 2622 on
864 2557 976 2643 grand
1001 2556 1217 2636 travailleor,
1245 2557 1305 2643 qoi
1331 2577 1423 2621 avo
1450 2578 1521 2623 one
1547 2556 1686 2622 infinite
1712 2557 1754 2622 de

418 2674 556 2753 choses,
579 2674 634 2740 n'a
656 2694 718 2760 pas
739 2672 854 2739 recole
874 2673 1003 2739 devant
1024 2672 1072 2737 les
1092 2672 1262 2759 depenses
1282 2685 1351 2738 eta
1369 2672 1525 2738 recueilli
1547 2693 1617 2738 one
1637 2673 1755 2760 ample

420 2790 578 2857 moisson
607 2789 696 2855 dans
725 2788 953 2854 l'immensite
983 2788 1044 2853 des
1072 2786 1152 2854 faits
1169 2794 1192 2852 ³.
1222 2789 1311 2855 Mais
1337 2809 1375 2855 ce
1402 2789 1422 2853 a
1449 2788 1535 2875 quoi
1566 2789 1679 2855 Bacon
1712 2810 1754 2855 ne

418 2906 551 2974 semble
571 2906 723 2993 poovoir
743 2926 778 2971 se
800 2905 969 2992 resignes,
987 2905 1070 2972 c'est
1086 2906 1106 2970 a
1122 2919 1209 2972 cette
1230 2920 1322 2972 sorte
1342 2906 1384 2971 de
1404 2905 1577 2972 dictatore
1596 2906 1755 2972 d'Albett

418 3025 507 3090 dans
531 3023 562 3089 le
587 3023 718 3088 monde
743 3035 866 3088 savant
889 3023 950 3087 des
973 3020 1098 3087 ecoles
1118 3044 1138 3083 <‹
1158 3021 1183 3086 ll
1205 3043 1238 3101 a,
1261 3022 1367 3100 dit-il,
1385 3022 1551 3109 composi
1573 3042 1627 3088 ses
1650 3022 1754 3088 livres

418 3160 481 3227 par
507 3139 612 3206 mode
635 3138 882 3225 authentiqoe,
910 3152 942 3204 et
968 3137 1051 3204 c'est
1074 3138 1251 3225 poorquoi
1279 3152 1355 3204 tout
1379 3138 1408 3203 le
1432 3138 1590 3225 vulgaire
1615 3138 1753 3203 insense

421 3256 448 3322 le
472 3256 539 3323 cite
565 3256 584 3321 a
610 3255 709 3321 Paris
733 3275 874 3321 comme
900 3254 1065 3334 Aristote,
1091 3254 1284 3333 Avicenne,
1310 3255 1482 3320 Averroes
1505 3268 1538 3320 et
1563 3254 1611 3320 les
1636 3268 1754 3321 autres

419 3371 480 3459 qui
498 3385 562 3438 ont
580 3392 668 3458 rang
684 3371 863 3436 d'auteurs
880 3396 900 3433 ›>
917 3376 941 3434 ¹¹.
963 3370 1107 3436 Parlant
1127 3369 1276 3435 ailleors·
1291 3370 1449 3436 d'lllbert
1467 3385 1501 3436 et
1520 3370 1754 3437 d'lllexandre

508 3701 515 3732 ¹
534 3701 597 3755 lam
618 3700 789 3756 aestimator
803 3717 819 3754 a
835 3702 922 3770 volgo
937 3699 1133 3763 studentium,
1150 3712 1177 3755 et
1192 3716 1207 3753 a
1225 3700 1326 3755 moltis
1341 3701 1392 3772 qui
1408 3700 1490 3754 valde
1510 3700 1652 3772 sapientes
1672 3702 1754 3756 aesti-

419 3801 547 3855 mantur,
563 3801 591 3844 et
605 3805 622 3842 a
636 3788 737 3844 multis
757 3789 824 3843 viris
844 3789 939 3854 bonis,
961 3788 1025 3843 licet
1044 3789 1104 3843 sint
1118 3787 1240 3860 decepti,
1260 3790 1341 3859 qood
1362 3789 1550 3860 philosophia
1563 3788 1619 3859 jam
1635 3790 1704 3845 dala
1718 3789 1754 3845 sit

420 3878 539 3943 latinis,
562 3890 589 3933 et
609 3878 774 3949 composita
796 3878 823 3932 in
847 3877 945 3948 lingua
970 3877 1067 3942 latina,
1089 3889 1117 3932 et
1138 3889 1181 3932 est
1203 3878 1277 3932 lacta
1299 3878 1328 3933 in
1351 3892 1481 3950 tempore
1503 3894 1568 3933 meo
1591 3890 1618 3934 et
1638 3880 1755 3949 volgata

419 3968 560 4033 Parisios,
589 3979 616 4021 et
646 3983 699 4037 pro
732 3978 850 4021 auctore
884 3967 1024 4036 allegator
1052 3966 1235 4037 compositor
1263 3966 1335 4035 eius.
1367 3969 1441 4021 Nam
1471 3968 1547 4023 sicot
1575 3967 1752 4034 Aristoteles

418 4057 574 4117 hvicenna,
592 4068 619 4111 et
634 4057 774 4110 Averroiis
794 4057 955 4126 allegantur
971 4056 999 4110 in
1016 4056 1136 4121 scholis,
1154 4056 1194 4110 sic
1210 4069 1236 4111 et
1253 4057 1336 4128 ipse:
1357 4070 1384 4112 et
1399 4058 1496 4111 adhuc
1513 4057 1591 4122 vivit,
1608 4068 1635 4111 ct
1652 4058 1754 4113 habuit

417 4146 446 4201 in
461 4147 520 4202 vita
533 4164 586 4202 soa
599 4146 815 4210 auctoritatem,
830 4146 910 4217 quod
928 4163 1082 4217 nonquam
1101 4148 1192 4201 homo
1209 4147 1311 4202 habuit
1327 4147 1354 4200 in
1371 4147 1514 4202 doctrina.
1530 4149 1603 4201 Nam
1619 4148 1753 4203 Christos

419 4252 477 4290 non
493 4236 622 4308 pervenit
640 4234 676 4289 ad
696 4238 761 4301 hoc,
778 4250 845 4290 com
861 4247 888 4289 et
909 4235 971 4307 lpse
990 4236 1162 4305 reprobatos
1177 4235 1261 4290 fuerit
1277 4252 1344 4291 com
1360 4252 1413 4291 soa
1426 4236 1558 4291 doctrina
1573 4237 1601 4291 in
1617 4237 1674 4291 rita
1690 4253 1751 4292 soa.

419 4325 468 4379 Fa.
486 4325 595 4379 Rosam
611 4326 724 4389 Bacou,
741 4324 837 4395 Opera
854 4324 996 4395 quaedam
1012 4324 1155 4379 hactenus
1172 4323 1296 4389 inedito,
1312 4324 1357 4378 ed.
1374 4326 1396 4379 l.
1415 4326 1444 4379 S.
1465 4326 1598 4393 Bauium,
1617 4326 1753 4396 London,

420 4416 496 4486 1859.
513 4431 540 4486 p.
557 4415 599 4469 30.

507 4504 517 4535 ²
537 4503 688 4575 Sapientes
707 4504 878 4559 famosiores
899 4505 972 4558 inter
991 4504 1183 4569 Christianos,
1203 4519 1331 4574 quorum
1352 4520 1430 4559 unus
1448 4516 1492 4559 est
1510 4504 1594 4559 frater
1606 4505 1752 4570 AlbertuS,

417 4592 453 4648 de
468 4592 570 4648 ordine
585 4592 818 4648 Praedicatotom
835 4593 864 4663 (l.
879 4608 917 4663 c.,
932 4609 959 4664 p.
982 4594 1032 4661 14).

507 4681 606 4736 ³Vere
632 4682 720 4737 laudo
746 4699 813 4737 eum
840 4684 905 4754 plus
931 4698 1021 4752 qoam
1047 4698 1151 4737 omnes
1176 4682 1212 4736 de
1236 4684 1323 4752 volgo
1349 4682 1543 4748 studentium,
1569 4684 1638 4754 quia
1663 4686 1753 4739 homo

417 4771 655 4827 studiosissimus
676 4783 728 4837 est,
750 4784 776 4827 et
797 4771 869 4827 vidit
890 4771 1013 4837 infinita,
1036 4784 1063 4827 et
1087 4771 1189 4826 habuit
1210 4788 1391 4842 expensom;
1412 4785 1438 4829 et
1459 4772 1523 4827 ideo
1545 4773 1637 4828 molta
1658 4774 1754 4844 potuit

417 4861 550 4931 colligere
566 4862 593 4915 in
611 4863 711 4932 pelago
726 4874 858 4916 actorum
876 4861 992 4916 infinito
1007 4864 1035 4927 ll.
1052 4879 1089 4927 c.,
1107 4878 1134 4932 p.
1151 4860 1223 4931 327).

508 4952 518 4982 ⁴
540 4951 595 5005 lste
615 4965 663 5022 per
682 4950 807 5005 modom
827 4951 1031 5006 authenticum
1055 4951 1171 5022 scripsit
1190 4952 1278 5005 libros
1297 4967 1378 5015 suos,
1398 4963 1425 5005 et
1446 4951 1510 5005 ideo
1531 4963 1627 5006 totum
1646 4953 1752 5022 volgus

420 5040 557 5094 insanum
579 5040 682 5110 allegat
702 5056 769 5094 eum
792 5040 928 5106 Parisios,
948 5041 1024 5099 sicot
1040 5040 1234 5107 Aristotelem,
1253 5052 1304 5097 aot
1322 5040 1512 5107 avicennam,
1528 5053 1580 5097 aot
1597 5042 1752 5097 Averrodm

418 5141 445 5189 et
461 5129 533 5187 alios
547 5141 680 5189 auctores
696 5129 725 5199 (l.
742 5145 779 5195 c.,
797 5146 825 5205 p.
841 5130 895 5201 31).
