4872 6552
983 909 1187 991 ..39-

885 1308 940 1392 [ll.
967 1308 1057 1391 Quid
1076 1309 1122 1372 sit
1140 1308 1289 1393 animai]

499 1524 592 1588 Circa
607 1522 814 1587 secundum¹
834 1536 881 1587 est
901 1524 1175 1607 intelligendum²
1196 1524 1284 1608 quod
1303 1527 1415 1589 anima
1434 1538 1481 1590 est
1499 1529 1511 1568 1
1529 1539 1632 1603 actus,
1646 1525 1751 1590 forma
1791 1582 1795 1591 ,

419 1653 474 1697 seu
491 1630 646 1716 perfeccio
662 1632 787 1714 primus
801 1632 944 1714 corporis
960 1632 1115 1696 naturalis
1131 1633 1241 1695 uiuere
1257 1634 1416 1715 potentis3
1432 1648 1463 1697 et
1475 1633 1562 1717 quod
1581 1634 1692 1696 anima
1712 1635 1753 1699 sit

418 1754 508 1804 actus
526 1740 670 1821 corporis
690 1738 796 1821 primo
815 1737 1004 1804 declaratur.
1026 1738 1190 1816 Secundo,
1210 1739 1298 1821 quod
1318 1754 1408 1803 actus
1426 1743 1569 1823 corporis
1588 1742 1714 1824 primus
1725 1743 1749 1803 1.

419 1848 547 1923 Terci0‚
563 1845 652 1929 quod
667 1858 757 1909 actus
772 1846 916 1928 corporis
931 1846 1099 1919 naturalis,
1117 1866 1183 1909 non
1199 1845 1385 1910 artificialis.
1402 1847 1538 1927 Quarto,
1554 1848 1642 1931 quod
1661 1861 1751 1912 actus
1781 1864 1794 1910 ε

418 1955 561 2038 corporis
586 1952 753 2028 naturalis,
777 1972 844 2017 non
866 1953 1050 2029 cuiuslibet,
1073 1952 1128 2016 sed
1152 1954 1264 2017 uiuere
1288 1955 1439 2036 potentis,
1462 1974 1517 2019 seu
1541 1955 1697 2038 preparati
1721 1967 1752 2019 et

418 2061 566 2145 dispositi
582 2060 622 2125 ad
638 2061 755 2138 uitam,
770 2073 801 2125 et
815 2061 976 2137 animam,
991 2073 1022 2125 ει
1036 2061 1105 2123 eius
1119 2080 1225 2143 opera.

501 2170 649 2232 Primum
678 2168 722 2232 sic
747 2167 937 2231 declaratur.
965 2167 1049 2230 lllud
1071 2168 1084 2210 1
1106 2187 1173 2251 quo
1196 2168 1321 2252 aliquid
1350 2169 1456 2252 primo
1479 2183 1510 2235 et
1534 2170 1753 2253 principaliter

419 2280 483 2361 agit
502 2291 532 2342 et
546 2291 709 2361 operatur,
725 2291 772 2340 est
785 2277 856 2341 eius
875 2275 991 2340 forma.
1014 2275 1133 2339 Forma
1151 2277 1240 2340 enim
1261 2291 1307 2341 est
1325 2277 1518 2360 cooperandi
1540 2278 1750 2361 principium.

419 2386 482 2450 Sed
500 2390 524 2463 1,
541 2387 624 2449 sicut
645 2386 709 2448 iam
731 2384 821 2468 prius
841 2382 1052 2448 manifestum
1072 2396 1131 2460 est,
1151 2385 1263 2448 anima
1282 2397 1329 2448 εει
1347 2404 1414 2468 quo
1433 2404 1549 2468 corpus
1567 2387 1750 2449 animatum
1784 2415 1813 2447 ιο

420 2494 516 2570 uiuit,
539 2513 595 2557 seu
617 2504 739 2556 exercet
760 2511 856 2574 opera
877 2493 951 2556 vite.
976 2491 1071 2575 Ergo,
1093 2493 1204 2555 anima
1231 2504 1278 2555 est
1303 2506 1394 2556 actus
1416 2505 1447 2556 et
1470 2490 1574 2556 forma
1594 2494 1750 2577 corporis.

421 2602 460 2665 Et
480 2602 622 2665 iterum:
643 2601 754 2663 anima
773 2612 821 2663 est
839 2599 963 2683 aliquid
984 2600 1148 2683 pertinens
1167 2600 1208 2664 ad
1228 2620 1346 2683 corpus
1365 2601 1481 2663 uiuens
1497 2602 1508 2642 1
1527 2619 1602 2663 cum
1623 2601 1692 2683 ipsa
1711 2602 1752 2665 sit

419 2728 486 2793 quo
500 2710 619 2771 uiuens
633 2708 728 2771 uiuit.
745 2707 873 2791 Corpus
892 2720 1001 2771 autem
1017 2709 1135 2771 uiuens
1154 2722 1201 2771 est
1220 2707 1405 2772 substancia
1424 2708 1614 2790 composita.
1630 2708 1752 2772 Anima

420 2830 528 2880 autem
549 2835 615 2878 non
632 2827 679 2878 est
694 2814 880 2878 substancia
893 2815 1073 2897 composita
1087 2834 1151 2898 que
1165 2829 1212 2879 est
1225 2835 1342 2899 corpus
1357 2817 1485 2878 uiuens.
1504 2814 1570 2878 Nec
1588 2828 1634 2879 est
1649 2816 1750 2878 eciam

420 2924 531 2988 anima
548 2941 678 3005 corpus,
699 2925 782 2985 seu⁸
802 2923 934 2986 materia
953 2922 1138 2986 substancie
1156 2924 1334 3006 composite
1352 2942 1416 3006 que
1434 2936 1481 2986 est
1498 2942 1615 3006 corpus
1635 2922 1752 2986 uiuens
1785 2938 1813 2982 ιε

419 3048 495 3092 cum
511 3028 552 3091 sit
566 3046 702 3110 operum
715 3029 739 3102 1,
755 3027 856 3110 que1⁰
870 3028 904 3089 in
919 3046 1052 3111 corpore
1067 3029 1211 3104 uiuente,
1225 3026 1411 3111 principalis
1425 3047 1531 3091 causa.
1545 3026 1754 3111 Relinquitur

420 3155 494 3219 ergo
510 3155 565 3219 per
579 3135 716 3211 dictum,
731 3136 821 3217 quod
837 3136 877 3199 sit
890 3148 980 3198 actus
1000 3148 1030 3199 et
1049 3135 1153 3199 lorma
1168 3139 1194 3179 11
1212 3136 1365 3219 corporis.

501 3243 540 3307 Et
554 3255 602 3307 est
615 3241 864 3320 attendendum,
876 3262 951 3306 cum
968 3242 1073 3306 forma
1088 3244 1129 3307 sit
1143 3243 1335 3307 diffinienda
1351 3246 1376 3285 11
1391 3263 1445 3326 per
1460 3263 1551 3306 suam
1571 3243 1751 3320 materiam,

421 3371 488 3415 non
510 3371 565 3434 per
583 3350 803 3415 substanciam
820 3351 1049 3434 compositam,
1065 3365 1102 3414 ut
1120 3352 1198 3414 dicit
1212 3350 1428 3425 Themistius,
1445 3351 1545 3434 quod,
1563 3371 1617 3434 per
1635 3371 1753 3435 corpus

421 3459 563 3542 positum
589 3460 622 3521 in
647 3457 848 3522 diffinicione
873 3460 983 3521 anime
998 3461 1022 3500 ¹³
1037 3458 1194 3522 debemus
1218 3455 1406 3540 intelligere,
1423 3459 1589 3521 materiam
1615 3460 1752 3523 animati
1782 3488 1815 3521 ιο

419 3567 562 3649 corporis
573 3568 599 3609 11
610 3581 646 3631 ιιι
659 3566 879 3629 substanciam
894 3566 1024 3628 materie
1039 3566 1142 3648 prime
1154 3566 1179 3607 11
1188 3565 1292 3628 tribus
1302 3565 1566 3629 dimencionibus
1579 3567 1752 3649 signatam,

422 3674 464 3737 ita
473 3672 562 3757 quod
575 3674 720 3736 animam
735 3692 803 3736 esse
815 3686 922 3735 actum
933 3673 1077 3755 corporis
1086 3686 1133 3759 est
1143 3692 1213 3735 eam
1225 3692 1293 3736 esse
1303 3685 1411 3736 actum
1425 3674 1555 3737 materie
1565 3675 1751 3756 corporalis.

501 3780 689 3844 Secundum
716 3781 762 3842 sic
786 3779 977 3855 declaratur,
1002 3781 1109 3863 quia:
1135 3793 1182 3844 εει
1204 3793 1295 3844 actus
1319 3792 1355 3843 ut
1381 3780 1528 3856 habitus,
1550 3794 1581 3844 et
1603 3795 1694 3844 actus
1717 3795 1754 3846 ut

420 3889 568 3971 operacio
577 3909 586 3965 ;
602 3900 692 3950 actus
706 3900 741 3949 ut
756 3887 900 3963 habitus,
914 3900 950 3950 ut
963 3890 988 3929 11
1002 3888 1139 3951 sciencia
1148 3909 1157 3965 ;
1173 3900 1264 3951 actus
1279 3901 1315 3950 ut
1328 3889 1490 3971 operacio,
1504 3902 1539 3952 ut
1550 3888 1754 3953 considerare

421 3996 600 4059 secundum
615 3994 799 4058 scienciam.
812 3994 840 4057 N
845 4014 910 4058 unc
921 4009 968 4060 εει
980 3996 1022 4058 ita
1035 3998 1070 4070 11,
1081 3995 1168 4079 quod
1182 3997 1292 4059 anima
1302 4015 1377 4058 cum
1392 3996 1432 4060 sit
1446 3995 1600 4078 perfeccio
1611 3998 1754 4079 corporis
1782 4014 1814 4059 ιε

420 4103 555 4166 animati
576 4122 642 4165 non
663 4101 772 4165 solum
793 4103 826 4164 in
848 4102 971 4185 uigilia,
986 4102 1120 4186 quando
1140 4117 1187 4166 cst
1206 4123 1285 4166 usus
1305 4123 1460 4166 sensuum
1476 4115 1507 4167 ει
1521 4104 1681 4185 operaci0,
1698 4105 1752 4167 sed

420 4212 520 4274 eciam
534 4211 567 4272 in
579 4229 721 4292 sompno
733 4209 867 4293 quando
882 4230 949 4273 non
966 4213 991 4253 ¹⁸
1002 4223 1050 4274 est
1065 4231 1143 4274 usus
1157 4230 1327 4286 sensuum,
1340 4212 1417 4294 quia
1429 4214 1453 4254 11
1469 4212 1538 4294 ipsa
1552 4223 1599 4274 est
1613 4224 1703 4275 actus
1718 4225 1754 4276 ut

421 4318 563 4394 habituS,
579 4317 671 4381 aliter
685 4318 774 4381 enim
791 4337 858 4381 non
873 4330 954 4381 esset
972 4330 1062 4382 actus
1081 4331 1110 4381 et
1130 4316 1285 4400 perfeccio
1300 4320 1443 4401 corporis
1457 4319 1545 4401 apud
1560 4339 1751 4403 sompnum.

423 4424 461 4490 Et
482 4426 507 4488 si
530 4424 649 4509 aliquis
670 4425 755 4489 dicat
775 4437 806 4489 ει
827 4425 924 4490 instet
938 4429 963 4469 ²⁰
984 4425 1084 4509 quod,
1107 4426 1132 4488 si
1155 4427 1267 4489 anima
1288 4426 1329 4489 sit
1349 4438 1440 4490 actus
1460 4439 1495 4490 ut
1515 4427 1657 4504 habitus,
1677 4448 1752 4491 cum

421 4534 455 4596 in
476 4533 587 4616 uigilia
607 4553 675 4596 non
696 4534 737 4597 sit
758 4545 794 4597 ut
808 4536 834 4576 11
852 4533 996 4611 habitus,
1018 4533 1106 4617 quod
1129 4531 1213 4597 male
1234 4532 1418 4597 diffinitur:
1443 4535 1554 4599 anima
1575 4556 1643 4600 esse
1664 4549 1754 4601 actus
1782 4555 1815 4600 ³0

502 4831 511 4862 ¹
525 4831 550 4883 V
562 4830 597 4901 -Ι-
609 4830 784 4903 capitulum.
800 4862 834 4869 -
848 4829 859 4863 ²
874 4830 897 4882 V
910 4857 946 4876 =
960 4829 1113 4886 sciendum
1130 4841 1183 4886 est.
1197 4862 1231 4871 -
1249 4831 1347 4884 111-
1363 4832 1388 4886 3.
1405 4864 1438 4872 -
1450 4831 1461 4864 ⁴
1478 4832 1500 4883 V
1514 4860 1549 4878 Ξ
1565 4832 1677 4905 primus
1692 4849 1754 4888 cor-

422 4919 509 4991 poris.
526 4951 559 4959 —
573 4920 584 4952 1
597 4920 620 4971 V
633 4946 668 4965 ε
683 4919 722 4975 id.
738 4951 771 4960 -
785 4919 834 4972 ‘V
847 4946 883 4965 =
898 4919 930 4974 si.
946 4951 980 4959 -
993 4920 1004 4954 1
1019 4919 1089 4990 V†
1102 4932 1139 4977 et.
1155 4953 1187 4960 —
1201 4920 1213 4953 ⁸
1226 4923 1248 4976 l'
1261 4922 1295 4990 -Ι-
1309 4920 1417 4975 anima.
1433 4953 1466 4961 —
1479 4921 1491 4953 1
1505 4923 1527 4975 V
1540 4934 1752 4994 :operatum

422 5040 455 5048 —
480 5008 501 5041 ¹⁰
517 5009 540 5062 V
557 5009 592 5080 ψ
607 5022 660 5065 εει.
678 5042 710 5049 -
734 5008 756 5042 11
775 5009 848 5062 V=
862 5009 955 5065 forma
977 5021 1003 5065 et
1027 5022 1121 5067 actus.
1136 5043 1170 5051 -
1194 5010 1215 5043 11
1237 5011 1258 5061 V
1272 5036 1307 5056 ε
1329 5009 1465 5067 diffinita.
1480 5043 1514 5051 -
1538 5012 1559 5044 11
1579 5012 1602 5064 V
1621 5042 1656 5052 —
1682 5029 1703 5066 r.
1719 5043 1754 5052 -

422 5097 445 5130 11
461 5098 482 5149 V
495 5124 531 5144 =
544 5098 675 5171 corporis
692 5098 823 5154 animati.
837 5130 871 5139 -
890 5099 912 5131 11
929 5099 999 5151 V=
1012 5100 1104 5173 prime
1122 5100 1249 5157 materie.
1266 5132 1299 5141 -
1315 5100 1338 5133 ¹⁶
1353 5101 1374 5155 Ρ
1388 5127 1424 5148 =
1439 5101 1524 5157 sicut.
1539 5132 1573 5141 —
1592 5101 1614 5135 11
1631 5102 1654 5155 V
1666 5127 1702 5147 --
1715 5101 1755 5156 ita

422 5199 474 5247 est.
489 5219 523 5226 —
540 5188 561 5219 ¹⁸
577 5189 598 5243 P
611 5220 643 5227 —
664 5205 685 5243 r.
704 5222 727 5227 -
751 5188 773 5220 11
786 5190 807 5244 Ρ
825 5215 860 5234 =-
874 5189 966 5261 quod.
984 5222 1016 5229 -
1031 5189 1088 5242 ²⁰V
1102 5217 1137 5236 z:
1151 5190 1238 5246 instet
1251 5202 1279 5246 et
1292 5190 1379 5246 dicat:
1394 5222 1427 5230 -
1441 5191 1463 5223 11
1477 5192 1500 5245 V
1513 5218 1548 5237 =
1562 5190 1626 5248 nisi.
