4872 6552
1277 912 1481 973 ,44..

713 1075 851 1139 alicuius
870 1075 903 1137 in
924 1094 992 1138 esse
1013 1076 1088 1139 reali
1108 1090 1139 1140 et
1157 1076 1337 1140 secundum
1359 1078 1521 1141 racionem
1541 1076 1655 1140 eciam.
1673 1077 1707 1140 Si
1722 1090 1849 1142 tantum
1865 1078 1987 1162 aliquid
2005 1083 2045 1145 sit

713 1203 771 1246 ens
790 1182 971 1245 secundum
993 1184 1154 1246 racionem
1175 1197 1316 1261 tantum,
1336 1184 1469 1266 aliquod
1489 1203 1566 1248 uero
1587 1184 1620 1246 in
1641 1204 1708 1248 esse
1727 1183 1802 1248 reati
1818 1199 1848 1249 et
1863 1187 2043 1251 secundum

715 1290 876 1353 racionem
893 1291 1008 1365 eciam,
1023 1304 1053 1353 et
1068 1289 1130 1353 hoc
1144 1292 1243 1354 simul
1259 1291 1377 1355 horum
1394 1292 1534 1355 duorum
1555 1304 1680 1374 oportet
1700 1290 1879 1355 intellectus
1899 1296 2045 1376 proprios

714 1408 744 1456 ct
764 1392 954 1456 essenciales
975 1392 1131 1457 diuersos.
1159 1393 1197 1457 Et
1219 1396 1245 1456 si
1267 1396 1341 1477 quis
1362 1407 1473 1477 arguat
1494 1394 1582 1477 quod
1604 1394 1807 1458 diuersorum
1831 1410 1955 1479 oportet
1978 1418 2045 1462 esse

672 1538 684 1581 5
714 1499 895 1563 intellectus
909 1499 1066 1574 diuersos,
1083 1501 1258 1564 dicendum
1278 1501 1427 1584 estquod
1447 1501 1501 1564 illa
1520 1502 1648 1565 diuersa
1667 1521 1808 1585 quorum
1830 1517 1906 1568 sunt
1925 1504 2044 1568 diuersi

715 1606 907 1681 intellectus
930 1622 1054 1690 oportet
1075 1608 1163 1691 quod
1186 1609 1251 1671 sint
1272 1608 1452 1672 secundum
1476 1611 1638 1672 racionem
1659 1609 1799 1687 diuersa,
1815 1610 1921 1693 qualis
1940 1612 2046 1675 diuer-

714 1715 790 1777 sitas
806 1733 873 1777 non
895 1716 1062 1778 inuenitur
1077 1716 1160 1779 inter
1175 1716 1255 1779 illud
1271 1717 1364 1780 cuius
1378 1729 1426 1779 est
1440 1716 1620 1780 intellectus
1636 1736 1668 1779 re
1681 1718 1836 1781 existente
1851 1731 1881 1781 et
1895 1732 2045 1802 corrupta

713 1822 827 1884 eciam.
849 1821 889 1884 Et
908 1823 1023 1884 iterum
1044 1836 1176 1906 apparet
1196 1823 1366 1887 manifeste
1387 1825 1444 1898 sic,
1464 1822 1552 1907 quod
1574 1844 1640 1887 non
1662 1824 1755 1888 debet
1776 1844 1843 1888 esse
1865 1825 2046 1889 intellectus

714 1931 862 1992 diuersus
882 1929 938 2006 rei,
960 1931 1066 2012 primo
1085 1931 1249 1994 existentis
1269 1931 1303 1993 in
1324 1950 1392 1994 esse
1411 1930 1486 1994 reali
1501 1943 1531 1994 et
1547 1933 1726 1995 secundum
1748 1934 1909 1997 racionem
1930 1935 2044 2011 eciam,

656 2088 685 2119 ω
713 2052 744 2101 et
769 2036 980 2120 postmodum
1007 2038 1171 2100 existentis
1195 2038 1375 2101 secundum
1403 2040 1564 2102 racionem
1591 2053 1737 2117 tantum,
1763 2042 1840 2125 quia
1866 2041 2046 2104 intellectus

715 2163 783 2207 non
803 2159 880 2207 sunt
898 2144 1031 2221 diuersi,
1052 2146 1113 2208 nisi
1129 2146 1206 2228 quia
1225 2165 1243 2207 a
1259 2145 1395 2208 diuersis
1414 2160 1598 2209 causantur.
1620 2146 1683 2211 Sed
1702 2147 1744 2210 ab
1763 2146 1876 2210 eodem
1896 2161 2046 2211 causatus

714 2268 761 2318 est
777 2255 957 2319 intellectus
972 2256 1028 2338 qui
1043 2269 1090 2319 est
1105 2257 1148 2318 rei
1167 2256 1272 2338 primo
1286 2256 1452 2320 existentis
1467 2258 1648 2320 secundum
1664 2259 1827 2320 racionem
1843 2269 1983 2320 tantum.

795 2362 893 2426 Tunc
912 2378 959 2426 est
979 2363 1031 2426 hic
1050 2363 1193 2426 secundo
1212 2364 1487 2427 considerandum
1507 2364 1546 2428 de
1565 2384 1603 2427 eo
1622 2364 1710 2448 quod
1729 2364 1847 2427 dicitur
1866 2365 1900 2426 in
1927 2365 2045 2427 minori

715 2472 854 2535 racionis
870 2471 1020 2554 predicte,
1036 2470 1124 2554 quod
1140 2491 1172 2534 re
1186 2484 1335 2555 corrupta
1354 2492 1418 2555 que
1433 2492 1488 2556 per
1503 2491 1615 2536 uocem
1632 2473 1844 2556 significatur,
1865 2493 1929 2537 uox
1949 2474 2047 2556 signi-

657 2613 685 2658 1⁵
715 2579 786 2643 ficet
805 2593 979 2662 conceptus
1000 2580 1117 2643 montis
1137 2592 1278 2656 tantum,
1296 2582 1337 2643 ita
1358 2593 1395 2643 ut
1414 2581 1548 2643 nomine
1567 2582 1683 2643 cesaris
1698 2600 1766 2645 non
1783 2581 1845 2642 nisi
1867 2581 2047 2644 intellectus

715 2688 831 2750 cesaris
858 2687 1055 2749 nominetur.
1083 2686 1122 2750 Et
1147 2686 1322 2750 dicendum
1349 2701 1395 2751 est
1420 2687 1481 2751 hoc
1503 2707 1571 2750 esse
1594 2687 1737 2764 falsum3
1763 2690 1868 2751 immo
1891 2687 2047 2751 differunt

714 2813 802 2858 cesar
820 2807 851 2856 et
873 2793 1053 2857 intellectus
1073 2795 1201 2870 cesariS,
1225 2794 1311 2877 quod
1334 2808 1465 2877 apparet
1487 2814 1543 2878 per
1563 2794 1645 2859 duas
1667 2797 1811 2859 raciones
1831 2798 1842 2838 1
1865 2796 2046 2859 secundum

716 2902 803 2985 quod
829 2901 900 2964 uult
923 2900 1109 2965 aristoteles
1129 2901 1341 2965 Intellectus²
1363 2901 1481 2965 dicitur
1502 2901 1542 2965 ad
1567 2902 1703 2987 aliquid,
1728 2916 1762 2966 ut
1786 2903 1825 2966 ad
1849 2903 1930 2967 illud
1954 2905 2047 2967 cuius

716 3023 763 3074 est
782 3009 973 3074 intellectus.
995 3009 1092 3072 Nunc
1111 3022 1219 3073 autem
1241 3010 1467 3073 uniuersaliter
1480 3009 1636 3075 differunt
1650 3025 1791 3075 extrema
1811 3011 1981 3076 relacionis
1996 3013 2047 3077 uel

654 3162 686 3193 20
716 3117 896 3181 secundum
921 3137 1001 3194 rem,
1024 3118 1049 3179 si
1073 3117 1189 3180 relacio
1211 3117 1252 3180 sit
1273 3117 1377 3194 realis,
1400 3118 1452 3181 uei
1476 3118 1655 3182 secundum
1683 3121 1857 3195 racionem,
1881 3121 1907 3182 si
1933 3120 2048 3185 relacio

716 3228 757 3289 sit
781 3225 960 3289 secundum
985 3237 1126 3288 mentem
1151 3238 1290 3288 tantum.
1315 3223 1498 3290 intellectus
1521 3228 1616 3309 igitur
1638 3229 1753 3292 cesaris
1774 3227 1882 3291 differt
1904 3248 1921 3290 a
1943 3247 2049 3292 cesare

715 3337 808 3398 cuius
834 3348 881 3398 est
907 3333 1098 3397 inteliectus
1122 3333 1273 3397 Secundo
1295 3334 1380 3397 idem
1402 3349 1533 3419 apparet
1555 3336 1610 3398 sic.
1632 3336 1701 3399 Nisi
1724 3335 1891 3399 differrent
1909 3356 1997 3400 cesar
2018 3351 2048 3401 et

717 3442 897 3506 intellectus
911 3444 1039 3518 cesaris,
1055 3456 1134 3506 tunc
1148 3456 1230 3505 esset
1249 3442 1334 3506 idem
1356 3442 1536 3506 intellectus
1551 3445 1606 3525 qui
1627 3457 1707 3507 esset
1729 3444 1909 3508 intellectus
1932 3446 2048 3508 cesaris

715 3564 747 3614 et
767 3552 822 3633 qui
846 3564 927 3614 esset
950 3550 1129 3613 intellectus
1153 3549 1333 3613 intellectus
1354 3552 1481 3613 cesaris.
1499 3550 1698 3614 Eorumdem
1721 3553 1808 3614 enim
1833 3552 2048 3616 esseneialiter

655 3686 686 3730 25
717 3657 806 3721 idem‘
827 3672 874 3720 est
896 3657 1086 3721 intellectus.
1109 3657 1205 3720 Nunc
1230 3671 1352 3733 autem,
1373 3659 1453 3721 sicut
1475 3658 1645 3723 manifeste
1665 3672 1761 3741 patet,
1781 3658 1866 3722 alius
1887 3674 1935 3723 est
1956 3659 2048 3723 intel-

716 3766 817 3829 lectus
839 3766 940 3848 ipsius
961 3766 1076 3828 cesaris
1100 3765 1141 3828 ab
1166 3764 1329 3829 intellectu
1354 3766 1409 3848 qui
1434 3781 1481 3829 est
1507 3763 1686 3830 intellectus
1713 3767 1893 3831 intellectus
1919 3769 2045 3831 cesaris.

717 3875 801 3938 Sunt
824 3889 931 3938 autem
957 3873 1032 3935 dicti
1059 3873 1239 3936 intellectus
1263 3873 1382 3936 diuersi
1405 3874 1642 3938 racionabiliter
1662 3888 1692 3938 et
1713 3886 1751 3938 ert
1771 3895 1867 3939 causa
1889 3888 2045 3959 tanquam

716 3983 849 4057 causati,
875 3995 911 4045 ut
934 4001 1019 4044 vnus
1042 4000 1154 4045 eorum
1180 4001 1198 4043 a
1221 4001 1327 4045 cesare
1353 3983 1519 4057 existente,
1542 3982 1627 4044 alius
1652 3997 1760 4047 autem
1785 3983 1825 4045 ab
1850 3982 2012 4047 intellectu
2035 3986 2048 4025 ⁸

717 4089 873 4153 ciusdem.

656 4223 688 4267 30
797 4198 847 4260 Ad
871 4197 1013 4280 primum
1036 4210 1144 4259 autem
1167 4216 1279 4260 eorum
1303 4217 1366 4280 quc
1386 4210 1497 4261 contra
1518 4211 1744 4280 opponuntur,
1763 4197 1939 4262 dicendum
1959 4198 2047 4282 quod

717 4304 825 4369 differt
843 4304 967 4388 aliquid
986 4320 1055 4368 esse
1076 4305 1193 4367 mentis
1212 4318 1416 4388 conceptum,
1437 4318 1466 4368 et
1487 4305 1595 4387 ipsum
1616 4325 1684 4369 esse
1703 4306 1882 4368 secundum
1904 4319 2046 4369 mentem

716 4426 844 4478 tantum
861 4426 891 4475 et
905 4426 1110 4496 conceptum.
1127 4413 1181 4476 Est
1196 4413 1283 4476 enim
1300 4413 1479 4476 secundum
1498 4427 1639 4477 mentem
1655 4426 1782 4477 tantum
1799 4426 1829 4476 et
1842 4428 2047 4495 conceptum,

718 4543 793 4585 cum
809 4522 878 4585 eius
894 4522 934 4584 sit
950 4541 1044 4584 mens
1058 4535 1088 4583 et
1102 4535 1275 4604 conceptus
1294 4534 1435 4597 tantum,
1451 4535 1481 4584 et
1500 4540 1567 4584 non
1588 4520 1703 4584 habeat
1721 4502 1789 4584 esse
1806 4521 1837 4583 in
1855 4521 1949 4584 rebus
1964 4520 2046 4597 tale;

718 4644 840 4704 tamen,
867 4630 949 4691 sicut
976 4629 1064 4712 prius
1094 4628 1264 4692 manifeste
1292 4630 1400 4691 uisum
1427 4641 1485 4704 est,
1513 4648 1579 4691 non
1607 4641 1654 4691 est
1679 4649 1759 4691 suus
1788 4628 1966 4692 intellectus
1992 4648 2047 4691 seu

657 4760 689 4804 35
718 4750 903 4819 conceptus,
931 4736 1074 4815 Quando
1099 4755 1173 4819 ergo
1196 4736 1314 4799 dicitur
1336 4736 1423 4819 quod
1451 4734 1532 4798 illud
1560 4755 1626 4799 non
1652 4750 1734 4799 esset
1760 4736 1822 4798 nisi
1849 4750 1930 4799 esset
1957 4754 2049 4798 mens

718 4843 928 4926 speculatiua,
944 4857 991 4907 est
1010 4843 1189 4906 secundum
1211 4857 1353 4906 mentem
1373 4856 1513 4906 tantum.
1531 4843 1708 4906 Veritatem
1729 4843 1836 4920 habet,
1853 4842 1907 4906 sed
1924 4861 2049 4906 necesse

719 4953 791 5016 ideo
805 4965 931 5035 oportet
945 4951 1033 5035 quod
1049 4951 1130 5015 illud
1145 4953 1186 5015 sit
1200 4964 1374 5035 conceptus
1389 4951 1520 5028 mentis,
1537 4965 1573 5015 ut
1587 4952 1696 5014 uisum
1713 4964 1770 5015 est.

800 5179 809 5211 ¹
829 5179 874 5235 Ms
889 5179 921 5248 -Ρ
936 5177 1107 5234 intellectus.
1128 5209 1160 5217 -
1182 5177 1192 5208 ¹
1212 5177 1344 5253 Metaque
1357 5176 1432 5232 dans
1450 5179 1477 5234 le
1495 5194 1546 5233 ms.
1561 5209 1595 5219 »-
1614 5178 1626 5211 ⁸
1645 5179 1690 5236 Ms
1704 5204 1740 5224 =
1752 5177 1788 5232 ad
1804 5177 1993 5236 intellectum.
