4872 6552
1248 926 1453 968 ...100-

694 1094 764 1157 sine
792 1094 937 1157 subiecto
964 1095 1052 1176 quod
1081 1096 1128 1156 sic
1154 1106 1411 1169 transmutatur;
1440 1094 1502 1157 tale
1530 1110 1639 1158 autem
1673 1096 1855 1158 subiectum
1884 1095 2025 1158 dicimus

695 1204 876 1264 materiam.
899 1202 996 1282 Quod
1021 1203 1118 1283 igitur
1138 1202 1233 1264 debet
1255 1205 1419 1284 corrumpi
1444 1222 1500 1264 seu
1525 1205 1607 1265 mori
1632 1218 1757 1284 oportet
1780 1203 1869 1285 quod
1892 1202 1932 1265 ad
1956 1205 2027 1266 eius

693 1310 870 1371 essenciam
892 1310 1049 1391 pertineat
1065 1308 1129 1371 tale
1148 1309 1329 1372 subiectum
1346 1309 1434 1391 quod
1450 1323 1686 1373 transmutatur
1699 1311 1742 1373 ab
1761 1310 1849 1372 illius
1869 1312 1912 1373 rei
1928 1314 1941 1352 ¹
1958 1330 2027 1373 esse

692 1416 734 1478 ad
757 1436 823 1479 non
845 1436 925 1491 esse,
947 1418 1041 1478 cuius
1060 1420 1073 1459 ²
1093 1430 1140 1480 est
1160 1418 1379 1499 compositum
1402 1437 1441 1479 er
1463 1420 1595 1481 materia
1620 1432 1653 1481 et
1677 1417 1783 1480 forma
1804 1418 1892 1500 quod
1915 1437 1970 1500 per
1993 1437 2027 1479 se

650 1539 663 1583 s
692 1526 923 1606 corrumpitur,
950 1523 1000 1586 rel
1030 1526 1070 1585 sit
1098 1523 1203 1586 lorma
1230 1525 1263 1586 in
1292 1527 1424 1587 materia
1450 1544 1513 1608 que
1538 1527 1759 1608 corrumpitur
1784 1546 1840 1608 per
1864 1524 2025 1600 accidens,

691 1634 968 1695 transmutacione
994 1633 1135 1695 subiecte
1162 1634 1293 1694 materie
1318 1632 1358 1694 ad
1385 1634 1596 1696 contrarium.
1624 1632 1748 1695 Natura
1774 1635 1871 1714 igitur
1893 1632 2026 1695 liberata

692 1760 710 1801 a
735 1741 867 1802 materia
891 1755 921 1802 et
945 1740 1089 1803 subiecto
1114 1740 1285 1801 communi
1309 1739 1398 1822 quod
1421 1740 1467 1801 sic
1491 1754 1729 1802 transmutatur
1751 1740 1791 1802 de
1814 1742 1965 1821 opposito
1991 1742 2024 1802 in

691 1848 892 1929 oppositum,
910 1867 976 1910 non
999 1862 1046 1910 est
1067 1847 1287 1929 corruptibilis
1307 1867 1362 1909 seu
1385 1846 1530 1910 mortalis
1550 1867 1605 1929 per
1625 1868 1718 1909 suam
1742 1850 1933 1922 essentiam,
1948 1868 2024 1910 cum

690 1954 731 2017 ad
751 1956 820 2017 eius
839 1958 1015 2017 essenciam
1038 1974 1104 2018 non
1126 1956 1283 2036 pertineat
1303 1954 1481 2036 predictum
1502 1955 1705 2031 subiectum3
1727 1975 1785 2018 nec
1803 1971 1851 2017 est
1869 1957 2026 2037 corrupti·

632 2089 663 2121 ιο
692 2061 766 2125 bilis
781 2083 836 2125 seu
853 2061 1000 2125 mortalis
1016 2082 1070 2144 per
1084 2062 1244 2137 accidens,
1260 2082 1335 2124 cum
1353 2081 1419 2124 non
1436 2062 1552 2125 habeat
1566 2083 1634 2125 esse
1649 2064 1683 2123 in
1699 2062 1753 2125 tali
1770 2063 1926 2126 subiecto.

772 2169 811 2232 Et
836 2169 1015 2233 declaratur
1041 2172 1126 2232 racio
1153 2169 1344 2233 antecedens
1370 2169 1490 2231 dictam
1521 2172 1689 2233 maiorem.
1721 2169 1830 2233 Homo
1857 2170 1952 2234 albus
1978 2185 2026 2235 est

689 2279 908 2359 compositum
941 2276 1175 2360 corruptibile;
1210 2278 1287 2359 quia
1320 2277 1419 2339 huius
1451 2278 1622 2359 compositi
1657 2297 1730 2359 pars
1762 2293 1810 2340 est
1842 2278 2023 2342 subiectum

690 2384 778 2465 quod
798 2397 846 2447 est
863 2388 876 2427 ³
896 2384 1008 2460 homo,
1029 2385 1117 2468 quod
1137 2397 1184 2447 est
1203 2385 1354 2446 innatum
1376 2386 1584 2447 transmutari
1604 2384 1645 2447 ad
1665 2386 1876 2448 contrarium.
1897 2385 2024 2448 Albedo

689 2493 790 2553 eciam
810 2492 1029 2574 corruptibilis
1048 2507 1095 2555 est
1117 2511 1172 2575 per
1190 2492 1352 2567 accidens,
1368 2493 1445 2574 quia
1464 2496 1538 2555 est⁴
1559 2493 1592 2554 in
1616 2492 1761 2555 subiecto
1781 2492 2023 2556 transmutabili

632 2613 661 2657 ιε
689 2598 729 2661 ad
744 2600 932 2682 oppositum
947 2599 1119 2662 albedinis.
1137 2598 1199 2662 Sed
1215 2601 1240 2662 si
1256 2599 1372 2662 albedo
1387 2614 1468 2662 esset
1482 2620 1540 2662 ens
1559 2620 1615 2682 per
1629 2619 1674 2674 se,
1690 2598 1823 2663 liberata
1841 2620 1860 2662 a
1880 2599 2024 2663 subiecto

689 2706 931 2769 transmutabili
947 2707 986 2769 ad
1003 2708 1190 2789 oppositum
1211 2706 1384 2781 albedinis
1405 2708 1474 2789 ipsa
1493 2720 1574 2770 esset
1594 2708 1861 2789 incorruptibilis.
1882 2709 2024 2789 Apparet

689 2814 839 2895 igiturex
860 2814 1009 2896 predictis
1027 2814 1116 2897 quod
1135 2833 1234 2877 omne
1253 2813 1473 2895 corruptibile,
1493 2834 1548 2876 seu
1570 2814 1716 2890 mortale,
1737 2828 1783 2877 est
1802 2816 2020 2897 compositum

688 2940 726 2984 ex
742 2922 876 2984 materia
889 2935 920 2984 et
935 2921 1051 2997 forma,
1068 2921 1117 2984 vel
1132 2938 1179 2984 est
1195 2921 1299 2984 lorma
1315 2922 1439 2984 habens
1453 2942 1521 2984 esse
1538 2924 1569 2984 in
1588 2923 1732 2984 materia.

768 3028 879 3092 Minor
893 3030 995 3092 eciam
1018 3030 1156 3112 predicte
1176 3030 1327 3104 racioniS,
1343 3029 1504 3103 videlieet,
1519 3030 1607 3111 quod
1623 3030 1736 3091 anima
1752 3029 1948 3092 intellectiua
1965 3049 2022 3091 nec

627 3162 659 3194 ιο
687 3136 729 3198 sit
747 3138 927 3218 composita
948 3156 987 3198 ex
1007 3138 1139 3199 materia
1159 3150 1191 3200 et
1209 3136 1326 3211 forma,
1348 3156 1407 3199 nee
1425 3138 1438 3178 ⁵
1459 3136 1565 3199 forma
1587 3116 1712 3199 habens
1732 3156 1801 3199 esse
1821 3138 1854 3198 in
1876 3137 2020 3211 materia,

688 3244 732 3305 sic
760 3243 951 3307 ostenditur.
987 3243 1073 3323 Quia
1101 3243 1189 3327 quod
1222 3258 1269 3307 est
1303 3244 1452 3306 innatum
1488 3245 1626 3327 recipere
1653 3247 1667 3286 ⁶
1694 3244 1816 3306 formas
1843 3257 1874 3306 et
1901 3244 2022 3325 species

686 3352 839 3414 omnium
861 3372 967 3414 rerum
989 3351 1220 3427 materialium,
1242 3371 1300 3414 nec
1319 3366 1367 3415 est
1387 3351 1492 3414 forma
1516 3352 1701 3426 materialis,
1722 3372 1780 3414 nec
1801 3353 2019 3434 compositum

686 3478 725 3522 ex
741 3460 874 3522 materia
889 3472 919 3522 et
934 3459 1052 3535 lorma,
1068 3479 1143 3521 cum
1166 3459 1266 3521 nichil
1283 3479 1315 3522 se
1331 3460 1438 3541 ipsum
1461 3460 1601 3542 recipiat.
1621 3457 1705 3521 Cum
1729 3460 1825 3541 igitur
1841 3459 2021 3521 intellectus

686 3565 804 3629 habeat
827 3568 964 3648 recipere
989 3568 1109 3649 species
1132 3568 1284 3629 omnium
1311 3587 1417 3629 rerum
1446 3566 1662 3628 materialium
1686 3569 1698 3607 ⁷
1721 3580 1882 3648 quantum
1907 3566 2020 3628 omnia

626 3687 657 3731 25
688 3672 743 3735 illa
763 3673 926 3755 intelligit,
944 3674 1118 3756 productus
1132 3674 1172 3736 de
1189 3676 1335 3756 potencia
1350 3674 1390 3736 ad
1406 3688 1528 3749 actum,
1544 3688 1574 3737 et
1590 3672 1765 3754 intelligere
1780 3673 1820 3735 sit
1835 3673 2021 3755 ειιεείρετε8

687 3782 729 3844 τεί
758 3782 895 3863 speciem
921 3782 991 3844 sine
1018 3782 1163 3856 materia,
1189 3801 1316 3843 necesse
1340 3796 1386 3843 est
1410 3780 1498 3863 quod
1526 3779 1706 3843 intellectus
1729 3784 1742 3821 ⁹
1766 3799 1825 3842 nec
1847 3780 1888 3842 sit
1914 3779 2019 3842 lorma

687 3887 878 3964 materialis,
909 3907 966 3950 nec
994 3888 1073 3971 quid
1102 3890 1320 3970 compositum
1350 3908 1389 3950 ex
1419 3889 1551 3950 materia
1579 3902 1610 3950 et
1638 3886 1754 3950 forma.
1785 3886 1882 3966 Quod
1910 3899 2018 3948 autem

686 3994 863 4077 intelligere
890 4014 938 4057 res
965 3996 1145 4058 materiales
1172 3998 1331 4078 suscipere
1355 3997 1435 4057 εἰι10
1461 3996 1604 4076 ipsarum
1632 3996 1752 4077 species
1777 4008 1808 4057 et
1835 3993 1967 4069 formas,
1990 4005 2021 4055 et

684 4101 834 4185 qualiter,
857 4101 974 4165 ultimo
995 4101 1137 4185 capitulo
1161 4102 1259 4165 huius
1284 4115 1436 4165 tractatus
1459 4101 1684 4164 declarabitur.

834 4424 891 4506 [V.
920 4424 1036 4487 Utrum
1059 4421 1169 4487 anima
1193 4423 1393 4488 intelleetr'ua
1414 4424 1460 4487 eit
1479 4434 1591 4487 eterna
1614 4422 1646 4487 in
1663 4424 1870 4509 preteritoPl

1859 4492 1870 4506 -d

766 4637 859 4701 Circa
887 4639 1041 4720 quintum
1076 4640 1224 4720 superius
1254 4640 1494 4722 propositorum
1524 4641 1560 4713 1¹,
1590 4640 1687 4701 sentit
1715 4637 1900 4701 Aristoteles
1928 4635 2016 4719 quod

684 4746 795 4808 anima
817 4744 1013 4809 intellectiua
1035 4747 1075 4808 sit
1097 4759 1206 4810 eterna
1229 4747 1262 4808 in
1287 4748 1447 4828 preterito,
1471 4747 1514 4809 ita
1534 4746 1623 4829 quod
1647 4747 1730 4809 sicut
1754 4764 1925 4828 nunquam
1949 4763 2017 4807 esse

767 5006 1389 5079 ¹P-1.-'P†mori.—⁸P-3.-⁴
1406 5009 2015 5080 v-r.-⁵P:neque.-⁸V†et.—

684 5096 695 5129 ²
709 5098 730 5151 P
784 5098 975 5152 materialium
987 5115 1093 5152 rerum.
1104 5129 1137 5137 —
1147 5098 1399 5171 Βνεειτεείρετε.
1409 5097 1706 5154 -Ῥ;ττιειετίε.-
1717 5097 1851 5154 ¹⁰V=sir
1860 5098 2014 5169 suscipere.

685 5185 707 5218 ¹¹
721 5216 754 5224 —
770 5189 840 5241 P-
855 5188 1031 5258 positorum.
