4872 6552
989 881 1194 956 ⁴83⁴

426 1068 566 1143 educens
581 1079 662 1143 illud
678 1079 766 1163 quod
781 1092 829 1144 est
844 1082 876 1142 in
893 1081 1037 1163 potentia
1051 1079 1092 1143 ad
1107 1093 1216 1144 actum
1233 1100 1301 1144 non
1316 1094 1443 1145 tantum
1460 1094 1604 1163 tempore
1620 1080 1759 1164 precedit

426 1199 533 1251 actum
561 1187 594 1249 in
619 1200 783 1270 generato,
808 1186 862 1250 sed
886 1201 917 1252 et
941 1189 1117 1271 potentiam
1146 1189 1309 1272 propriam
1337 1189 1378 1252 ad
1404 1201 1512 1252 actum
1538 1189 1697 1272 generati,
1720 1206 1759 1251 eo

426 1293 514 1376 quod
535 1314 603 1358 non
622 1307 751 1359 tantum
769 1309 859 1360 actus
877 1296 1017 1379 generati
1038 1310 1085 1360 est
1098 1316 1117 1359 a
1130 1309 1316 1379 generante,
1331 1295 1386 1359 sed
1406 1308 1438 1360 et
1456 1314 1514 1358 ens
1533 1295 1567 1358 in
1589 1296 1760 1378 potentia¹

426 1400 467 1464 ad
487 1414 594 1465 actum
614 1404 755 1486 generati
770 1415 817 1467 est
832 1404 928 1467 etiam
944 1423 963 1466 a
976 1416 1161 1486 generante,
1178 1417 1214 1466 ut
1228 1422 1339 1467 semen
1354 1402 1395 1466 ab
1415 1403 1561 1467 homine.
1579 1402 1618 1467 Et
1631 1403 1760 1465 vniuer-

427 1510 534 1573 salites
556 1510 682 1593 proprie
705 1510 835 1574 materie
857 1523 934 1574 sunt
955 1531 993 1575 ex
1015 1511 1122 1594 primo
1146 1523 1299 1575 mouente
1325 1511 1481 1575 educente
1498 1509 1759 1594 unumquodque
1789 1527 1802 1572 ⁵

427 1615 467 1679 de
491 1618 633 1711 potentia
656 1618 842 1682 adactum.
868 1617 1057 1682 Secundum
1082 1618 1169 1702 quod
1195 1617 1435 1702 proponebatur
1456 1637 1523 1682 non
1548 1618 1655 1682 obstat
1677 1618 1760 1681 sicut

427 1736 557 1807 apparet
577 1744 616 1789 ex
638 1724 799 1808 predictis.
826 1725 912 1790 Licet
933 1726 1021 1790 enirn
1045 1727 1078 1789 in
1102 1726 1216 1789 ordine
1240 1726 1445 1790 mouentium
1470 1726 1503 1788 in
1526 1744 1592 1809 quo
1614 1725 1761 1809 arguitur

427 1831 473 1894 sic
491 1832 634 1915 accipere
652 1845 727 1897 ante
745 1852 803 1896 ens
823 1835 857 1896 in
877 1847 948 1897 actu
969 1851 1028 1898 ens
1048 1834 1081 1896 in
1103 1834 1246 1916 potentia
1264 1852 1303 1897 err
1322 1852 1389 1916 quo
1408 1832 1558 1916 procedat
1577 1832 1617 1896 ad
1637 1846 1759 1907 actum,

427 1940 510 2004 sicut
530 1952 561 2003 et
581 1952 656 2004 ante
677 1960 735 2004 ens
758 1942 790 2003 in
815 1941 956 2024 potentia
977 1960 1035 2004 ens
1058 1941 1091 2003 in
1112 1953 1234 2017 actum,
1257 1939 1345 2024 quod
1368 1941 1476 2024 ipsum
1497 1940 1537 2004 de
1558 1940 1700 2023 potentia
1719 1938 1760 2002 ad

428 2059 536 2110 actum
556 2046 683 2124 educat,
703 2060 813 2111 tamen
835 2049 868 2111 in
888 2047 953 2112 alio
971 2049 1086 2112 ordine
1106 2049 1325 2125 mouentium,
1347 2067 1474 2112 necesse
1495 2060 1542 2111 est
1562 2034 1704 2130 accipere
1725 2047 1759 2109 in
1792 2072 1822 2109 ιο

427 2168 499 2218 actu
519 2153 659 2219 educens
675 2155 756 2218 illud
771 2156 860 2238 quod
879 2169 926 2221 est
942 2157 974 2219 in
991 2157 1134 2239 potentia
1148 2156 1188 2220 ad
1204 2169 1326 2233 actum,
1341 2174 1417 2219 cum
1439 2156 1547 2239 ipsum
1567 2168 1675 2219 actum
1692 2174 1759 2217 non

428 2261 574 2345 precedat
587 2281 646 2326 ens
661 2262 695 2325 in
712 2263 855 2345 potentia
869 2282 908 2327 ex
922 2282 987 2346 quo
1003 2262 1070 2341 fiat,
1086 2278 1122 2329 ut
1134 2264 1243 2328 visum
1259 2278 1306 2328 est
1320 2283 1358 2327 err
1374 2263 1438 2326 iam
1454 2262 1557 2327 dictis.

510 2488 519 2521 ⁸
539 2489 585 2544 Ms
599 2489 632 2560 ψ
653 2488 703 2545 sed
718 2500 747 2546 et
760 2504 813 2545 ens
826 2488 856 2545 in
869 2488 1013 2562 potencia.
