4880 6546
712 867 839 911 ccxxxlt

715 1037 928 1104 neanmoins
948 1036 971 1102 il
992 1036 1139 1104 n’htsite
1156 1057 1218 1124 pas
1237 1037 1258 1103 a
1277 1035 1433 1104 declares
1452 1037 1586 1124 qu'une
1603 1037 1746 1125 pareille
1764 1038 2043 1106 condamnation

712 1167 764 1221 est
778 1177 825 1219 un
840 1153 994 1221 obstacle
1004 1154 1025 1219 11
1036 1153 1163 1220 11111111
1176 1168 1209 1220 11
1224 1174 1269 1219 au
1284 1154 1429 1241 progres
1442 1153 1677 1241 scientifique.
1691 1154 1811 1236 Quant
1824 1176 1895 1222 aux
1907 1156 2046 1223 articles

712 1271 946 1349 11111-111111115,
963 1268 1141 1358 Godelroy
1162 1291 1268 1357 pense
1289 1270 1375 1356 qu'il
1397 1291 1419 1356 y
1439 1291 1481 1335 en
1503 1291 1523 1335 a
1543 1268 1721 1357 plusieurs
1743 1292 1804 1337 sur
1825 1270 1976 1358 lesquels
1997 1293 2044 1338 on

712 1401 797 1474 peut
822 1408 949 1474 penser
972 1384 1248 1452 differemment.
1274 1385 1300 1450 ll
1327 1407 1370 1451 en
1397 1400 1448 1452 est
1474 1386 1627 1453 d’autres
1653 1386 1714 1473 qui
1742 1387 1938 1474 paraissent
1962 1409 2044 1455 con-

713 1502 957 1585 tradictoires3
979 1503 1133 1568 d'autres
1155 1502 1252 1568 enlin
1277 1502 1339 1589 qui
1364 1516 1445 1568 sont
1466 1502 1691 1589 impossibles
1714 1518 1748 1569 et
1772 1504 2000 1572 irrationnels
2020 1510 2042 1570 1.

713 1619 818 1686 Aussi
837 1619 1013 1706 pense-til
1038 1640 1120 1705 que,
1147 1619 1188 1685 de
1216 1639 1280 1684 son
1302 1631 1417 1705 temps
1436 1624 1460 1698 ²,
1482 1639 1529 1684 on
1550 1619 1686 1685 devrait
1707 1619 1755 1685 les
1775 1621 1931 1707 corriges
1952 1626 1976 1686 ³.

802 1815 810 1845 ¹
830 1814 907 1868 Sunt
921 1813 1094 1884 corrigendi.
1112 1813 1187 1882 Quia
1202 1813 1314 1869 articuli
1331 1813 1381 1885 qui
1399 1830 1457 1868 non
1474 1825 1544 1869 sunt
1563 1813 1767 1884 intelligibiles,
1783 1815 1876 1886 etqui
1894 1815 2045 1871 manifeste

710 1903 847 1958 videntur
868 1903 929 1957 salsi
951 1916 979 1958 et
999 1902 1204 1973 impossibiles,
1225 1916 1296 1958 sunt
1314 1901 1417 1957 merito
1435 1901 1607 1972 corrigendi.
1630 1903 1685 1957 Sed
1709 1903 1782 1959 inter
1800 1904 1962 1976 praedictos
1980 1906 2045 1961 arti-

711 1994 794 2048 culos
810 2004 879 2047 sunt
895 1994 992 2063 plures
1007 1993 1087 2057 tales,
1105 2004 1138 2047 ut
1153 2003 1231 2063 patet
1246 1992 1422 2064 inspicienti.
1439 1991 1524 2062 Ergo,
1541 2004 1594 2047 etc.

800 2082 974 2153 Respondeo
988 2081 1146 2136 dicendum
1163 2081 1244 2152 quod
1261 2081 1332 2136 illud
1347 2080 1428 2153 quod
1442 2093 1485 2137 est
1500 2080 1746 2153 impedimentum
1762 2083 1910 2154 profectus
1925 2083 2045 2139 studen-

710 2171 797 2236 tium,
814 2183 842 2226 et
856 2171 936 2242 quod
952 2182 994 2226 est
1011 2170 1039 2225 in
1056 2170 1265 2226 detrimentum
1283 2170 1361 2226 utilis
1381 2170 1540 2237 doctrinae,
1561 2182 1604 2226 est
1624 2171 1727 2226 merito
1746 2171 1964 2242 corrigendum.
1988 2172 2043 2227 Sed

711 2259 752 2315 sic
766 2273 810 2315 est
825 2259 853 2314 in
871 2261 1030 2332 proposito.
1050 2260 1124 2330 Ergo
1139 2271 1193 2315 etc.

801 2349 932 2404 Primum
954 2361 1041 2420 patet,
1062 2348 1132 2420 quia
1153 2365 1221 2404 cum
1244 2349 1342 2420 aliqua
1365 2348 1484 2404 materia
1505 2360 1549 2404 est
1569 2349 1610 2404 sic
1632 2348 1855 2406 indeterminata
1876 2350 1905 2404 in
1928 2351 2045 2407 certitu·

709 2438 777 2493 dine
790 2438 927 2505 veritatis,
947 2438 1028 2510 quod
1046 2439 1158 2510 absque
1174 2438 1301 2510 periculo
1320 2438 1386 2493 fidei
1404 2450 1432 2494 et
1450 2454 1579 2505 morum,
1600 2438 1665 2494 licet
1682 2439 1757 2494 circa
1775 2441 1831 2495 hoc
1849 2439 2045 2495 diversimode

709 2527 833 2602 opinari,
854 2528 966 2599 absque
988 2527 1138 2583 temeraria
1157 2527 1375 2599 cujuscumque
1397 2528 1485 2600 partis
1508 2527 1674 2593 assertione,
1700 2544 1806 2600 ponere
1826 2528 1979 2584 vinculum
2000 2530 2043 2584 vel

711 2617 845 2687 ligamen,
869 2633 930 2688 quo
954 2618 1089 2673 homines
1108 2617 1184 2672 circa
1204 2617 1271 2672 talia
1291 2617 1326 2671 ad
1350 2634 1438 2672 unam
1460 2617 1630 2689 opinionem
1655 2617 1845 2673 immobiliter
1866 2618 2043 2684 detinentur,

709 2719 751 2763 est
770 2705 910 2778 impedire
928 2707 1062 2762 notitiam
1082 2705 1218 2771 veritatiS,
1238 2707 1307 2778 quia
1326 2718 1443 2778 propter
1461 2706 1587 2762 diversas
1603 2705 1757 2778 opiniones
1773 2724 1848 2778 quae
1862 2708 1938 2762 circa
1958 2710 2043 2763 talem

710 2796 860 2851 materiam
879 2796 980 2851 avitis
1002 2796 1132 2852 litteratis
1150 2808 1178 2852 et
1198 2796 1358 2851 scientibus
1378 2808 1544 2851 tenerentur
1563 2812 1612 2868 per
1629 2796 1756 2851 diversas
1775 2796 1989 2868 disputationes
2008 2796 2043 2851 ad

710 2896 866 2956 utramque
882 2897 1004 2957 partem,
1021 2885 1172 2941 tendentes
1187 2885 1222 2939 ad
1239 2886 1387 2941 veritatem
1403 2885 1617 2951 inveniendam,
1633 2886 1696 2957 ipsa
1711 2885 1815 2941 melius
1831 2886 2042 2942 inveniretur...

798 2976 951 3043 Quantum
974 2974 1009 3029 ad
1033 2974 1171 3030 articulos
1194 2986 1292 3029 autent
1318 2974 1353 3029 de
1375 2974 1485 3046 quibus
1510 2987 1554 3030 est
1577 2975 1721 3046 quaestio,
1745 2975 1860 3031 videtur
1884 2974 2042 3031 dicendum

709 3063 790 3134 quod
815 3065 910 3135 plures
933 3076 1003 3120 sunt
1025 3063 1061 3118 de
1083 3063 1193 3135 quibus
1213 3064 1406 3119 diversimode
1428 3064 1541 3136 opinari
1565 3065 1639 3119 licet.
1663 3065 1741 3120 Sunt
1762 3064 1848 3120 etiam
1869 3065 1970 3136 aliqui,
1992 3065 2043 3136 qui

708 3153 846 3208 videntur
860 3153 1008 3225 implicate
1021 3153 1300 3217 contradictionem;
1316 3170 1369 3208 nec
1383 3165 1478 3225 potest
1492 3153 1612 3209 inveniri
1629 3153 1736 3209 modus
1751 3154 1865 3209 dicendi
1880 3155 1909 3209 in
1925 3154 2042 3222 talibuS,

708 3258 770 3313 quo
788 3242 824 3296 ab
845 3242 991 3298 intellectu
1012 3242 1126 3314 possint
1143 3242 1257 3314 concipi
1268 3259 1276 3307 ;
1295 3255 1323 3299 et
1341 3243 1382 3298 sic
1400 3242 1560 3315 impeditur
1580 3243 1743 3299 intellectus
1761 3260 1776 3297 a
1795 3244 1898 3299 notitia
1917 3244 2043 3299 veritatis

708 3331 783 3386 circa
810 3332 884 3387 illos.
915 3332 1001 3397 Item,
1029 3341 1099 3387 sunt
1124 3332 1229 3403 aliqui,
1256 3333 1307 3403 qui
1334 3333 1495 3388 secundum
1522 3332 1603 3403 quod
1631 3333 1797 3405 superficies
1824 3333 1920 3389 literae
1946 3346 2042 3399 sonat,

709 3420 845 3476 videntur
875 3421 1000 3476 omnino
1033 3422 1228 3493 impossibiles
1257 3434 1284 3477 et
1318 3421 1544 3488 irrationabiles,
1579 3436 1696 3494 propter
1723 3423 1804 3493 quod
1832 3435 1947 3494 oportet
1978 3424 2043 3479 illos

708 3526 850 3581 exponere
878 3511 1059 3582 expositione
1091 3511 1175 3582 quasi
1205 3511 1331 3566 violenta
1358 3523 1386 3567 et
1413 3523 1533 3567 extorta.
1565 3513 1753 3582 D'Argentre,
1785 3512 1929 3568 Collectio
1960 3511 2043 3583 judi-

708 3599 835 3663 ciorum,
854 3600 874 3664 l,
893 3616 920 3671 p.
939 3617 997 3670 214.

798 3688 808 3719 ²
827 3689 903 3745 C'est
920 3706 988 3744 sans
1006 3690 1101 3745 raison
1121 3706 1179 3761 que
1197 3690 1353 3745 l’Histoire
1367 3690 1518 3745 litteraire
1535 3691 1572 3745 de
1590 3693 1619 3746 la
1638 3691 1765 3757 Franco,
1785 3691 1864 3758 ΧΧΙ,
1885 3709 1913 3764 p.
1934 3693 1995 3759 551,
2015 3703 2044 3748 11

708 3778 859 3844 Haureau,
886 3779 1023 3834 Histoire
1048 3780 1083 3834 de
1110 3780 1138 3834 lct
1164 3780 1358 3851 Philosophie
1383 3781 1570 3853 scolastique,
1600 3781 1650 3835 ll''
1676 3782 1783 3848 Partie,
1812 3793 1832 3837 t.
1861 3782 1896 3848 ll,
1924 3798 1952 3853 p.
1984 3782 2040 3846 155,

707 3867 868 3923 admettent
883 3884 941 3939 que
956 3869 1101 3941 Godelroy
1117 3886 1133 3922 a
1149 3870 1207 3940 pris
1223 3881 1286 3941 part
1305 3871 1321 3923 a
1339 3872 1364 3923 la
1380 3870 1609 3925 condamnation
1626 3871 1661 3925 de
1681 3888 1755 3942 1177.
1774 3872 1813 3925 La
1828 3871 1952 3942 critique
1971 3871 2041 3943 qu'il

707 3973 742 4012 en
764 3957 816 4013 fait
836 3958 982 4027 temoigne
999 3959 1039 4013 du
1058 3959 1209 4014 contraire.
1231 3959 1320 4013 Henri
1339 3959 1374 4013 de
1392 3960 1475 4014 Gand
1496 3976 1572 4015 nous
1590 3977 1606 4015 a
1623 3961 1721 4032 appris
1743 3961 1782 4032 (p.
1803 3961 1907 4032 ccxxx)
1926 3978 1984 4032 que
2003 3964 2042 4016 les

707 4047 824 4102 maltres
839 4048 952 4103 avaient
965 4048 1131 4102 condamne
1146 4050 1162 4101 a
1177 4048 1360 4104 l’unanimiti
1376 4066 1432 4104 une
1449 4049 1631 4120 proposition
1647 4050 1682 4105 de
1696 4051 1772 4106 saint
1784 4051 1928 4117 Thomas,
1945 4050 2041 4106 tandis

707 4154 764 4208 que
780 4137 926 4209 Godefroy
946 4139 1086 4208 reprouve
1107 4139 1132 4191 la
1151 4137 1381 4194 condamnation
1398 4139 1433 4193 de
1448 4151 1521 4194 cette
1536 4142 1631 4194 meme
1647 4140 1838 4211 proposition.
1856 4141 2040 4211 D'Argentre,

708 4225 863 4291 Collectio,
880 4243 907 4297 p.
923 4227 1049 4297 214-215.
1068 4227 1109 4281 En
1124 4239 1217 4294 outre,
1233 4228 1380 4300 Godefroy
1393 4228 1461 4284 erait
1475 4245 1511 4284 en
1527 4229 1651 4285 exercice
1665 4245 1782 4284 comme
1796 4230 1897 4285 maitre
1910 4247 1945 4284 en
1965 4247 2039 4302 1292,

706 4326 734 4371 et
753 4315 843 4387 prend
865 4328 928 4387 part
946 4332 980 4370 en
1004 4317 1068 4371 1303
1089 4318 1106 4370 1
1126 4333 1183 4372 une
1203 4318 1401 4373 consultation
1422 4334 1457 4372 en
1480 4319 1643 4384 Sorbonne,
1665 4335 1697 4373 ce
1717 4319 1767 4390 qui
1790 4331 1872 4391 porte
1892 4333 1957 4392 trop
1979 4320 2041 4376 tard

707 4421 761 4459 son
775 4389 890 4461 actiiite
904 4405 1023 4460 scolaire
1038 4422 1112 4477 pour
1129 4406 1199 4477 qu'il
1220 4407 1264 4462 1111
1283 4407 1384 4462 maitre
1397 4423 1432 4462 en
1452 4425 1525 4479 1177.
1543 4408 1645 4462 Clart.
1666 4408 1752 4463 Uitia.
1770 4409 1882 4474 Paris,
1900 4409 1935 4475 ll,
1952 4426 1979 4481 p.
1996 4410 2039 4475 53,

706 4511 751 4566 91·
761 4525 793 4533 —
804 4495 887 4549 Nous
902 4511 1008 4549 savons
1022 4511 1080 4565 que
1093 4496 1239 4568 Godeiroy
1253 4512 1269 4550 a
1282 4508 1350 4551 tenu
1366 4513 1400 4551 en
1420 4499 1485 4568 1187
1499 4514 1557 4552 une
1572 4498 1689 4569 dispute
1703 4498 1926 4570 quodlibetique
1941 4511 2042 4555 contre

708 4585 746 4638 les
766 4583 915 4655 privileges
932 4584 983 4638 des
1003 4584 1148 4654 religieux.
1167 4584 1269 4639 Chart.
1291 4585 1376 4640 Unio.
1394 4586 1505 4652 Paris,
1523 4587 1558 4652 11,
1576 4604 1604 4659 p.
1625 4588 1664 4642 13.
1682 4588 1723 4641 Or
1737 4604 1783 4642 ces
1801 4587 1954 4659 questions
1973 4601 2042 4644 sont

707 4673 830 4738 11111115,
854 4674 1032 4740 semble-til,
1057 4673 1130 4728 dans
1153 4690 1197 4729 ses
1220 4674 1389 4746 quodlibets
1414 4675 1452 4729 111
1477 4688 1504 4731 11
1527 4676 1592 4743 1111,
1617 4676 1753 4732 Histoire
1778 4677 1929 4731 litteraire
1950 4678 1987 4732 de
2011 4678 2040 4733 la

705 4761 833 4828 Franco,
853 4763 932 4829 Χ111,
948 4763 1009 4828 553,
1024 4775 1053 4818 et
1069 4765 1139 4819 c’est
1156 4763 1196 4819 du
1215 4764 1369 4835 quodlibet
1383 4765 1436 4819 1111
1454 4782 1512 4836 que
1530 4778 1598 4821 sont
1615 4767 1683 4821 tires
1701 4783 1746 4821 ses
1763 4767 1928 4837 jugemems
1946 4783 1997 4823 sur
2015 4770 2040 4823 la

706 4851 935 4907 condamnation
959 4852 994 4907 de
1020 4869 1096 4924 ¹277·
1118 4853 1194 4908 C’est
1216 4853 1294 4909 donc
1316 4870 1372 4909 aux
1393 4855 1531 4910 environs
1552 4855 1586 4910 de
1610 4858 1676 4927 1287
1698 4872 1757 4927 que
1779 4856 1925 4929 Godeiroy
1948 4857 2041 4912 aurait

707 4940 866 4996 determine
884 4944 909 4995 la
928 4942 1064 5013 question
1083 4959 1141 5013 que
1159 4959 1235 4998 nous
1254 4943 1390 4999 utilisons
1410 4946 1634 5015 presentement.

795 5030 901 5086 ⁸C’est
921 5031 1018 5102 l'objet
1036 5034 1132 5087 meme
1150 5033 1185 5087 de
1206 5034 1231 5087 la
1249 5033 1386 5106 question
1407 5034 1505 5092 traitee
1526 5052 1576 5107 par
1593 5035 1749 5111 Godesroy.
1770 5036 1954 5108 D'Argentre‚
1974 5035 2040 5091 Col-

707 5118 806 5184 111110,
825 5119 846 5186 l,
864 5136 891 5191 p.
909 5137 969 5195 214.
