4892 6540
522 2262 640 2346 lncipit
653 2273 807 2325 tractatus
821 2261 861 2324 de
875 2261 1037 2325 erroribus
1053 2261 1337 2345 philosophorum,
1350 2260 1532 2336 aristotelis,
1548 2274 1606 2323 etc.
1626 2264 1647 2323 ¹.

521 2476 687 2557 Quoniam
708 2495 747 2539 ex
766 2494 832 2539 vno
852 2476 1096 2539 inconuenienti
1116 2475 1192 2539 dato
1212 2475 1316 2538 multa
1334 2487 1523 2552 secuuntur,
1543 2494 1582 2538 ex
1600 2494 1667 2539 vno
1687 2474 1774 2539 malo

442 2583 659 2647 fundamento
674 2583 795 2647 multos
810 2602 931 2646 errores
947 2582 1079 2665 protulit
1096 2582 1324 2666 philosophus.

523 2692 567 2774 [r]
591 2690 737 2755 Credidit
756 2692 844 2754 enim
867 2690 967 2754 nichil
987 2710 1055 2754 esse
1070 2691 1103 2752 in
1119 2690 1228 2773 aliqua
1243 2690 1457 2773 dispositione
1473 2690 1505 2752 in
1521 2709 1585 2773 qua
1602 2690 1690 2773 prius
1706 2709 1772 2752 non

442 2798 545 2862 luerat
568 2799 630 2862 nisi
654 2811 857 2882 permotum
881 2796 1116 2880 precedentem.
1143 2796 1314 2861 Estimauit
1335 2797 1467 2880 quidem
1490 2796 1577 2880 quod
1604 2815 1670 2860 non
1693 2809 1775 2860 esset
1804 2815 1817 2858 5

442 2907 572 2970 nouitas
592 2906 654 2969 nisi
669 2904 725 2968 vbi
744 2917 826 2968 esset
846 2905 983 2967 mutatio
1004 2905 1131 2987 proprie
1150 2916 1290 2987 sumpta.
1312 2902 1399 2983 Quia
1418 2922 1493 2986 ergo
1507 2904 1616 2966 omnis
1637 2905 1774 2967 mutatio

443 3013 569 3096 proprie
581 3026 707 3096 accepta
720 3025 767 3076 est
780 3024 901 3087 motus,
911 3030 977 3075 non
991 3023 1039 3074 est
1050 3010 1126 3074 dare
1139 3011 1317 3075 nouitatem
1330 3011 1400 3073 sine
1414 3022 1505 3073 motu
1519 3010 1715 3094 precedente.
1728 3010 1773 3073 Ex

442 3118 503 3184 hoc
522 3132 629 3183 autem
652 3118 869 3182 fundamento
887 3117 1101 3181 concludebat
1122 3130 1247 3181 motum
1269 3136 1440 3200 nunquam
1462 3117 1619 3201 incepisse
1629 3137 1639 3195 ;
1654 3119 1732 3201 quia
1747 3118 1773 3180 si

442 3240 551 3291 motus
566 3228 696 3310 incepit,
707 3240 815 3291 motus
830 3225 893 3289 luit
908 3245 1027 3302 nouuS,
1037 3225 1092 3289 sed
1106 3224 1208 3287 nichil
1218 3237 1264 3288 est
1277 3244 1404 3288 nouum
1419 3225 1480 3287 nisi
1495 3237 1688 3307 permotum
1706 3243 1774 3307 pre·

440 3334 619 3410 cedentem,
630 3354 706 3418 ergo
720 3346 794 3397 ante
810 3334 953 3417 primum
971 3346 1098 3396 motum
1115 3337 1214 3396 sumi
1229 3346 1350 3408 motus,
1361 3331 1450 3416 quod
1461 3344 1508 3395 est
1524 3332 1772 3395 inconueniens.
1805 3363 1835 3395 ιο

521 3442 566 3525 [a]
590 3441 734 3505 Vlterius
761 3442 881 3505 errauit
905 3442 982 3524 quia
1009 3442 1118 3525 posuit
1142 3455 1273 3523 tempus
1299 3458 1471 3522 nunquam
1502 3440 1670 3523 incepisse,
1696 3440 1774 3523 quia

441 3568 568 3632 semper
582 3561 709 3611 motum
730 3550 876 3632 sequitur
890 3561 1030 3630 tempus.
1055 3547 1137 3632 Ergo
1156 3549 1181 3611 si
1204 3561 1313 3610 motus
1332 3566 1398 3611 non
1420 3547 1551 3630 incepit,
1568 3566 1626 3610 nec
1644 3559 1774 3630 tempus

441 3657 572 3738 incepit.
600 3655 780 3719 Videbatur
804 3671 914 3719 tamen
940 3657 967 3719 ei
994 3655 1082 3739 quod
1111 3655 1191 3718 ratio
1213 3655 1253 3718 de
1278 3669 1422 3737 ternpore
1448 3655 1577 3719 haberet
1602 3654 1772 3738 specialem

440 3762 676 3827 difficultatem.
701 3762 799 3837 Nam,
824 3763 901 3846 quia
922 3763 1048 3826 instans
1072 3781 1199 3846 semper
1219 3775 1267 3825 est
1288 3760 1363 3824 finis
1389 3763 1527 3845 preteriti
1549 3775 1579 3826 et
1601 3780 1772 3845 nunquam

441 3869 566 3947 finitur,
588 3888 655 3933 non
678 3884 726 3933 est
743 3868 818 3932 dare
841 3871 983 3952 primum
1007 3870 1153 3947 instans;
1177 3868 1410 3953 propterquod
1432 3882 1507 3933 ante
1528 3888 1627 3932 omne
1649 3870 1774 3932 instans
1805 3888 1834 3932 1⁵

441 3977 503 4041 fuit
523 3989 665 4060 tempus,
687 3991 718 4040 et
739 3988 814 4041 ante
832 3976 1000 4059 quodlibet
1022 3989 1152 4059 tempus
1174 3978 1337 4060 signatum
1360 3975 1422 4041 fuit
1441 3978 1577 4039 instans
1602 3975 1677 4040 Non
1699 3995 1773 4059 ergo

439 4092 569 4166 tempus
584 4082 704 4165 incepit
718 4080 773 4144 sed
789 4094 836 4145 est
850 4096 1010 4145 eternum.

521 4189 566 4273 [3]
589 4189 731 4253 Vlterius
757 4201 885 4272 propter
908 4208 944 4252 ea
967 4208 1031 4272 que
1054 4188 1138 4252 dicta
1163 4202 1251 4265 sunt,
1274 4203 1403 4254 coactus
1426 4190 1488 4254 suit
1512 4210 1631 4275 ponere
1653 4191 1774 4255 mobile

439 4310 600 4372 eternum,
616 4309 646 4360 et
667 4296 832 4360 mundum
853 4315 921 4360 esse
939 4310 1100 4373 eternum,
1121 4297 1198 4381 quia
1217 4316 1292 4360 cum
1314 4317 1381 4362 non
1402 4299 1443 4363 sit
1460 4298 1536 4361 dare
1554 4311 1684 4382 tempus
1704 4299 1774 4362 sine

441 4417 532 4469 motu
554 4417 585 4469 et
607 4418 716 4469 motus
738 4406 808 4468 sine
831 4404 957 4481 mobili,
980 4405 1006 4467 si
1029 4418 1158 4488 tempus
1179 4418 1209 4469 et
1232 4419 1341 4470 motus
1362 4419 1439 4470 sunt
1459 4419 1580 4483 eterna,
1600 4420 1632 4469 et
1653 4405 1774 4470 mobile
1803 4435 1835 4468 20

439 4513 498 4576 erit
518 4525 679 4588 eternum,
695 4524 726 4575 et
749 4513 791 4576 ita
812 4512 958 4575 mundus
978 4531 1150 4597 nunquam
1171 4513 1301 4597 incepit,
1317 4534 1380 4597 que
1399 4514 1512 4578 omnia
1532 4526 1697 4598 patenter
1716 4515 1771 4597 viij

441 4618 662 4702 physicorum.

520 4726 565 4808 [4]
587 4724 730 4789 Vlterius
745 4739 874 4790 coactus
894 4726 955 4790 luit
975 4747 1094 4809 ponere
1108 4727 1214 4791 celum
1236 4729 1416 4811 ingenitum
1432 4748 1501 4793 esse
1515 4741 1545 4792 et
1560 4728 1772 4812 incorporale,

441 4851 612 4915 nunquam
630 4832 730 4897 luisse
745 4833 880 4909 lactum,
894 4834 948 4898 sed
961 4854 1088 4918 semper
1100 4834 1210 4899 fuisse.
1229 4835 1312 4899 Nam
1328 4855 1403 4899 cum
1421 4837 1504 4900 inter
1514 4848 1635 4900 ceteros
1651 4850 1772 4914 motus,

440 4938 529 5003 solus
556 4940 722 5004 circularis
749 4942 789 5005 sit
814 4942 1003 5018 continuus,
1030 4954 1065 5005 ut
1095 4955 1180 5026 patet
1204 4961 1242 5006 ex
1268 4944 1323 5026 viij
1352 4943 1574 5027 physicorum,
1600 4943 1626 5006 si
1655 4943 1773 5027 aliquis
1803 4960 1833 5005 25

521 5165 530 5198 ¹
550 5165 593 5222 Le
607 5165 680 5221 titre
694 5173 737 5221 est
751 5182 785 5221 err
803 5182 916 5242 merge.
931 5199 965 5206 -
985 5167 996 5199 ²
1014 5167 1059 5222 Ms
1073 5193 1108 5212 ε
1121 5166 1189 5224 sint.
