4882 6546
1677 864 1739 919 dxv

500 1039 547 1114 Ce
570 1042 854 1135 renseignement
875 1042 918 1114 de
943 1040 1137 1126 Peckham,
1160 1039 1280 1114 fourni
1301 1066 1346 1113 au
1371 1058 1532 1113 moment
1544 1045 1594 1112 ‘de
1616 1044 1648 1112 la
1668 1045 1742 1112 vio-

412 1162 503 1230 lente
522 1183 717 1252 campagne
737 1163 823 1251 qu'il
843 1164 937 1231 avait
955 1162 1106 1251 engagee
1125 1184 1169 1230 en
1190 1161 1396 1251 Angleterre
1414 1176 1536 1230 contre
1555 1161 1742 1249 quelques·

413 1300 500 1346 unes
523 1280 584 1347 des
607 1279 786 1347 doctrines
810 1280 852 1346 de
878 1279 1040 1346 Thomas
1066 1279 1236 1366 d'hquin,
1263 1300 1307 1346 ne
1329 1277 1490 1366 presente
1514 1276 1743 1345 vraisembla·

411 1394 569 1463 blement
592 1417 655 1484 pas
679 1409 793 1463 toutes
817 1396 866 1463 les
890 1395 1066 1483 garanties
1091 1394 1302 1463 neeessaires
1329 1394 1642 1482 d'independance,
1670 1413 1742 1460 non

413 1532 495 1578 sans
516 1512 622 1579 doute
644 1533 706 1579 sur
730 1512 760 1579 le
784 1510 846 1579 fait
867 1512 909 1578 de
931 1511 962 1578 la
984 1510 1136 1599 dispute,
1162 1511 1251 1577 mais
1272 1532 1334 1578 sur
1355 1510 1526 1579 l'attitude
1546 1511 1607 1578 des
1628 1510 1745 1576 divers

413 1627 600 1716 ligurants.
622 1629 723 1695 Nous
746 1648 875 1696 savons
900 1648 963 1716 par
988 1649 1037 1694 un
1061 1627 1195 1694 temoin
1216 1627 1264 1693 du
1285 1629 1407 1714 proces
1430 1629 1473 1694 de
1496 1626 1742 1695 canonisation

412 1743 455 1811 de
470 1743 633 1811 Thomas
648 1743 818 1831 d'Aquin,
835 1764 904 1831 que
922 1743 971 1811 les
987 1743 1235 1811 Dominicains
1252 1743 1391 1810 avaient
1407 1743 1512 1832 garde
1530 1742 1561 1810 le
1577 1742 1745 1810 souvenir

414 1861 483 1926 tres
503 1857 558 1926 vif
577 1861 619 1927 de
642 1881 698 1927 ces
721 1860 879 1948 disputes
901 1861 942 1926 de
965 1860 1076 1940 PariS,
1100 1873 1133 1926 et
1154 1859 1178 1925 il
1203 1880 1293 1927 nous
1316 1860 1514 1948 represente
1536 1872 1612 1926 tout
1631 1872 1745 1925 autre-

416 1989 513 2043 ment
534 1975 566 2042 la
585 1977 753 2043 conduite
772 1977 815 2043 de
836 1976 1014 2044 Peckham
1037 1977 1057 2043 ὲ
1077 1975 1205 2064 l'egard
1223 1976 1266 2043 de
1282 1976 1444 2042 Thomas
1463 1975 1634 2063 d'Aquin.
1655 1975 1744 2042 Loin

414 2093 456 2159 de
478 2092 509 2159 le
526 2092 698 2173 soutenir,
721 2113 759 2159 ce
781 2094 869 2159 dont
893 2091 916 2157 il
940 2092 1035 2159 avait
1057 2092 1431 2159 vraisemblablement
1452 2113 1519 2179 peu
1544 2093 1586 2158 de
1608 2091 1744 2172 besoin,

416 2209 594 2277 Peckham
620 2209 748 2290 aurait‚
773 2229 837 2296 par
860 2229 914 2276 ses
938 2209 1076 2296 paroles
1098 2208 1366 2276 declamatoires
1387 2222 1420 2275 et
1440 2207 1603 2288 exaltees,
1628 2207 1746 2275 donne

414 2326 434 2392 ὲ
453 2326 616 2393 Thomas
637 2327 679 2392 de
699 2326 809 2415 justes
831 2324 952 2392 motifs
975 2325 1017 2391 de
1038 2324 1185 2392 s’irriter
1194 2348 1203 2407 3
1228 2326 1318 2392 mais
1340 2324 1370 2392 le
1392 2325 1497 2406 saint,
1520 2324 1681 2411 toujours
1702 2345 1746 2391 en

415 2442 616 2529 possession
637 2443 680 2509 de
700 2440 897 2522 lui-meme,
921 2462 1079 2509 necessa
1099 2442 1141 2508 de
1161 2441 1210 2507 lui
1233 2441 1406 2529 repondre
1425 2462 1507 2509 avec
1528 2440 1695 2508 humilite
1715 2454 1748 2507 et

415 2558 613 2625 douceur1.
636 2557 751 2639 Ainsi,
773 2558 796 2623 il
819 2558 879 2646 n’y
898 2577 918 2625 a
937 2557 980 2624 de
999 2578 1172 2624 commun
1194 2570 1292 2625 entre
1314 2578 1370 2625 ces
1394 2558 1487 2624 deux
1507 2556 1748 2645 temoignages

416 2695 485 2761 que
509 2674 539 2741 le
562 2673 625 2740 fait
647 2674 690 2740 de
714 2673 747 2741 la
770 2673 962 2761 tranquille
985 2674 1186 2761 possession
1209 2675 1251 2740 de
1273 2673 1457 2740 lui-meme
1480 2674 1566 2740 chez
1586 2673 1749 2740 Thomas

416 2790 587 2877 d'Aquin.
607 2789 702 2870 Cela,
720 2811 767 2857 on
785 2790 931 2877 pouvait
953 2790 983 2857 le
1004 2810 1176 2877 supposer
1192 2790 1379 2870 aisement,
1401 2804 1435 2857 et
1457 2812 1505 2856 un
1522 2790 1687 2856 auditeur
1707 2789 1749 2855 de

416 2906 592 2987 Thomas,
625 2927 703 2973 vers
736 2928 774 2974 ce
809 2908 925 2974 meme
959 2921 1086 2994 temps,
1120 2906 1238 2974 Pierre
1273 2906 1422 2986 Dubois,
1458 2905 1632 2974 confirme
1663 2918 1749 2972 cette

417 3022 632 3110 impression
664 3022 823 3110 lorsqu'il
857 3023 1001 3110 depeint
1033 3022 1063 3089 le
1098 3024 1223 3090 maltre
1255 3022 1476 3090 dominicain
1509 3043 1574 3109 par
1603 3043 1641 3089 ee
1672 3020 1748 3088 seul

418 3151 494 3205 mot
510 3162 530 3201 «
546 3137 577 3205 le
597 3138 875 3226 prudentissime
897 3140 1001 3206 Frere
1020 3138 1182 3206 Thomas
1202 3138 1360 3226 d'Aquin
1377 3165 1397 3203 »
1416 3144 1439 3204 ².

507 3255 532 3322 ll
557 3256 645 3323 n'est
666 3276 727 3344 pas
750 3256 1072 3338 invraisemblable,
1091 3256 1226 3324 d’autre
1248 3270 1339 3344 part,
1366 3278 1435 3343 que
1454 3256 1616 3323 Thomas
1636 3256 1685 3322 ait
1706 3276 1749 3322 eu

386 3416 390 3427 .
417 3384 540 3439 contre
562 3371 611 3438 lui
630 3372 779 3439 Etienne
796 3372 977 3460 Tempier,
1001 3372 1155 3460 l'eveque
1171 3373 1214 3440 de
1235 3372 1347 3452 Paris,
1369 3394 1439 3460 que
1461 3394 1552 3440 nous
1575 3386 1750 3439 retrouve-

419 3507 504 3555 rons
519 3487 599 3576 plus
616 3489 706 3568 tard,
724 3488 772 3555 les
788 3501 906 3555 autres
923 3489 1067 3555 maltres
1081 3489 1124 3555 de
1140 3488 1316 3577 theologie
1330 3502 1365 3556 et
1379 3489 1549 3577 peut-etre
1564 3489 1751 3576 quelques·

419 3624 488 3670 uns
514 3605 556 3671 de
584 3624 638 3671 ses
665 3603 857 3685 confrereS,
887 3605 1063 3692 partisans
1091 3605 1243 3672 attardes
1270 3605 1313 3671 de
1341 3604 1539 3672 l'ancienne
1570 3603 1683 3672 forme
1709 3605 1751 3672 de

420 3719 717 3809 l'augustinisme.
748 3720 839 3786 Mais
865 3740 954 3787 ceux
981 3741 1050 3807 que
1077 3719 1257 3787 Peckham
1290 3741 1333 3787 ne
1364 3740 1511 3787 nomme
1541 3741 1603 3808 pas
1628 3734 1663 3787 et
1688 3720 1751 3809 qui

387 3882 391 3889 -
421 3834 612 3903 formaient
634 3837 831 3924 cependant
854 3835 885 3902 le
908 3856 1043 3924 groupe
1065 3835 1096 3902 le
1117 3836 1198 3924 plus
1224 3836 1424 3904 nombreux
1445 3838 1487 3903 de
1510 3835 1751 3918 l'Universite,

422 4165 477 4220 peu
496 4150 579 4220 apres
603 4147 678 4214 1266,
699 4148 750 4204 des
770 4147 886 4204 maltres
906 4147 1102 4204 dominicains
1122 4148 1173 4219 qui
1193 4148 1324 4204 s’etaient
1343 4148 1466 4204 succede
1485 4150 1501 4204 a
1520 4148 1703 4205 l'Universite
1717 4148 1754 4205 de

423 4238 510 4300 Paris,
530 4237 600 4294 ecrit
618 4252 625 4293 :
646 4239 776 4309 legerunt
794 4249 821 4292 et
839 4236 1063 4309 disputaverunt
1083 4239 1112 4293 in
1133 4237 1230 4304 scolis,
1252 4238 1453 4310 praesentibus
1471 4238 1629 4294 scolaribus
1648 4252 1674 4294 et
1692 4239 1754 4295 reli-

421 4327 510 4398 giosis
523 4339 550 4382 et
565 4327 667 4383 multis
681 4327 1025 4399 ecclesiarum-praelatis.
1048 4327 1132 4382 Vitae
1146 4327 1289 4383 Fratrum
1307 4327 1378 4382 Ord.
1395 4328 1503 4382 Praed.
1521 4344 1549 4400 p.
1566 4329 1627 4384 335.

513 4417 522 4449 ¹
542 4416 619 4472 Dixit
638 4416 736 4472 dictus
755 4416 837 4472 testis
857 4433 886 4472 se
905 4417 1052 4473 audivisse
1071 4433 1087 4471 a
1107 4416 1242 4489 pluribus
1262 4417 1411 4473 Fratribus
1431 4416 1679 4473 praedicatoribus
1698 4418 1754 4474 fide

422 4504 529 4576 dignis,
545 4505 626 4576 quod
647 4505 768 4577 quando
788 4506 865 4561 idem
886 4506 971 4561 frater
985 4506 1118 4561 Thomas
1139 4522 1197 4561 una
1213 4506 1274 4561 vice
1292 4506 1462 4578 disputabat
1478 4506 1603 4572 Parisiis,
1625 4507 1674 4562 ubi
1694 4520 1754 4564 erat

424 4593 509 4650 frater
527 4595 652 4650 loannes
672 4594 708 4650 de
729 4595 836 4651 Pizano
856 4595 969 4651 ordinis
990 4596 1122 4651 Fratrum
1144 4595 1306 4662 Minorum,
1327 4596 1379 4667 qui
1400 4595 1457 4651 tuit
1478 4608 1580 4668 postea
1601 4595 1755 4668 archiepis-

389 4736 392 4740 .
423 4699 516 4755 copus
540 4684 768 4751 Cantuariensis,
795 4696 1002 4755 quantumque
1027 4684 1124 4740 dictus
1151 4683 1236 4739 frater
1260 4685 1386 4740 loannes
1413 4696 1591 4756 exasperaret
1616 4685 1753 4742 eumdem

424 4772 540 4829 fratrem
564 4773 713 4829 Thomam
739 4774 834 4828 verbis
858 4773 1032 4846 ampullosis
1057 4784 1085 4829 et
1107 4773 1241 4840 tumidis,
1268 4789 1433 4844 numquam
1460 4786 1557 4829 tamen
1583 4773 1644 4847 ipse
1670 4775 1755 4831 frater

304 4874 307 4879 ·
424 4861 556 4917 Thomas
572 4862 718 4918 restrinxit
731 4863 854 4919 verbum
875 4862 1061 4929 humilitatis,
1078 4863 1128 4918 sed
1144 4878 1258 4934 semper
1271 4878 1340 4919 cum
1356 4862 1511 4918 dulcedine
1527 4875 1555 4919 et
1574 4865 1755 4921 humanitate

425 4950 584 5024 respondit.
601 4952 673 5007 Acta
687 4952 749 5018 SS.,
766 4969 782 5024 7
798 4952 904 5018 Martii,
921 4952 1081 5007 Processus
1095 4951 1315 5024 Inquisitionis,
1331 4968 1395 5024 cap.
1414 4969 1452 5020 ix,
1469 4969 1498 5008 n.
1515 4969 1559 5025 77,
1576 4968 1605 5025 p.
1621 4969 1682 5024 71²·

513 5040 524 5072 ¹
545 5040 593 5095 llle
607 5040 856 5112 prudentissimus
876 5042 962 5098 frater
975 5041 1107 5097 Thomas
1122 5040 1158 5096 de
1171 5040 1300 5113 Aquino.
1321 5043 1426 5096 Plenius
1442 5042 1559 5109 Duaois,
1579 5041 1622 5097 De
1636 5058 1756 5114 recupe-

425 5127 543 5184 ratione
560 5128 656 5184 Terre
670 5128 790 5196 Sancte,
806 5130 851 5185 ed.
867 5130 920 5185 Cn.
936 5130 969 5185 V.
988 5130 1141 5197 Laneion,
1158 5130 1246 5196 Paris,
1266 5130 1341 5202 1891,
1357 5146 1385 5202 p.
1402 5131 1445 5186 53.
