4872 6552
1278 892 1504 934 2-112-

723 1043 806 1122 alius
825 1072 872 1123 est
887 1062 899 1102 ¹
912 1061 1071 1142 ignorans
1086 1078 1124 1122 eo
1139 1060 1227 1143 quod
1249 1058 1426 1140 intelligere
1446 1060 1547 1141 ipsius
1568 1057 1749 1121 intellectus
1768 1057 1856 1121 fieret
1875 1058 2056 1121 secundum

722 1186 860 1249 operans
875 1169 1022 1242 vnicum,
1039 1186 1095 1229 seu
1116 1166 1295 1229 secundum
1318 1165 1516 1229 intellectum
1537 1167 1671 1229 vnicum
1693 1165 1821 1228 homini
1843 1167 1969 1241 scienti,
1990 1185 2057 1229 non

723 1287 832 1336 tamen
857 1279 870 1317 2
896 1275 1069 1357 ignoranti.
1097 1274 1193 1336 Vnde
1220 1275 1309 1355 prius
1334 1273 1500 1336 dicebatur
1524 1272 1662 1356 qualiter
1688 1273 1789 1335 homo
1815 1272 1977 1355 intelligit,
2001 1293 2056 1336 seu

722 1381 916 1444 attribuatur
938 1380 1114 1463 intelligere
1136 1381 1196 1463 ipsi
1221 1380 1362 1455 homini,
1385 1393 1495 1463 utpote
1517 1382 1594 1463 quia
1615 1381 1762 1462 operacio
1786 1380 1950 1462 operantis
1973 1381 2057 1443 uniti

681 1507 693 1550 s
724 1490 855 1552 materie
874 1488 1060 1551 attribuitur
1074 1489 1131 1551 toti
1147 1491 1340 1570 composito.
1364 1487 1548 1551 Intellectus
1567 1501 1675 1550 autem
1694 1488 1726 1549 in
1742 1507 1836 1569 opere
1856 1486 2057 1569 intelligendi

722 1597 811 1659 vnite
833 1616 865 1658 se
888 1596 984 1659 habet
1005 1595 1046 1658 ad
1068 1597 1235 1671 scientem,
1258 1615 1325 1658 non
1347 1596 1387 1658 ad
1412 1596 1627 1678 ignorantem,
1647 1615 1723 1658 cum
1746 1614 1786 1657 ex
1807 1595 2058 1657 fantasmatibus

722 1704 791 1765 eius
813 1703 979 1785 intelligat,
997 1705 1040 1766 ita
1054 1703 1141 1784 quod
1157 1721 1244 1766 vnus
1263 1703 1364 1766 homo
1384 1715 1431 1765 est
1449 1704 1554 1764 sciens
1568 1716 1598 1766 et
1611 1702 1696 1764 alius
1716 1703 1881 1785 ignorans,
1899 1721 1966 1763 non
1982 1702 2058 1783 quia

725 1809 913 1872 fantasmari
941 1811 1038 1873 vnius
1068 1810 1140 1893 plus
1170 1812 1210 1873 sit
1239 1810 1416 1893 intelligere
1441 1829 1540 1891 quam
1571 1809 1722 1886 alterius3
1751 1828 1808 1871 nec
1833 1809 1911 1891 quia
1939 1809 2058 1891 species

724 1917 936 1999 intelligibilis
959 1918 999 1979 sit
1022 1919 1054 1979 in
1078 1937 1209 2000 corpore
1231 1918 1329 1979 vnius
1353 1917 1547 1999 plusquam
1573 1918 1607 1979 in
1631 1936 1763 1998 corpore
1783 1919 1796 1959 ⁸
1816 1915 1961 1991 alterius,
1982 1935 2057 1978 cum

665 2056 694 2088 ιο
723 2044 791 2087 esse
817 2025 1013 2087 abstractum
1039 2024 1175 2102 habeat;
1202 2044 1260 2088 nec
1283 2026 1360 2107 quia
1383 2024 1520 2087 diuersis
1546 2023 1762 2086 intellectibus
1786 2037 1919 2087 utantur
1943 2022 2060 2085 intelli-

722 2132 840 2214 gend0,
856 2146 892 2196 ut
906 2132 990 2195 dicet
1004 2133 1204 2214 posicionem
1220 2131 1405 2195 custodiens
1420 2135 1452 2208 4;
1469 2130 1524 2194 sed
1539 2132 1616 2213 quia
1632 2131 1808 2213 intelligere
1822 2132 1863 2193 sit
1877 2131 2056 2193 secundum

724 2240 923 2303 intellectum
940 2241 1069 2302 vnitum
1085 2241 1210 2322 corpori
1227 2240 1325 2302 vuius
1340 2240 1373 2300 in
1390 2238 1555 2321 operando
1569 2251 1600 2302 et
1615 2258 1683 2302 non
1698 2238 1840 2302 alterius.

804 2347 866 2410 Sed
889 2348 914 2409 si
935 2348 1009 2430 quis
1028 2349 1041 2389 ⁶
1061 2347 1156 2421 dicat,
1178 2362 1256 2409 tunc
1278 2348 1323 2409 sic
1344 2347 1436 2409 aliter
1454 2347 1625 2429 arguitur⁶
1646 2367 1653 2408 :
1675 2348 1821 2429 operacio
1843 2359 1890 2408 est
1911 2345 1986 2420 alia,
2007 2345 2058 2407 uel

647 2488 650 2493 Δ
723 2468 892 2537 operante,
922 2454 973 2517 uel
1004 2455 1145 2530 obiecto,
1176 2454 1227 2517 uel
1256 2468 1401 2537 tempore
1429 2467 1610 2536 operante3
1641 2455 1723 2516 sicut
1755 2473 1829 2515 cum
1858 2455 1869 2494 7
1895 2454 2057 2516 obiectum

665 2581 694 2624 ιε
725 2562 810 2625 idem
833 2565 846 2604 ⁸
871 2561 1043 2624 uideamus
1067 2576 1098 2625 et
1126 2562 1224 2623 simul
1253 2581 1312 2644 ego
1335 2575 1365 2624 et
1392 2574 1427 2624 tu
1449 2564 1473 2636 ⁹,
1498 2574 1607 2624 tamen
1633 2562 1775 2623 uisiones
1803 2560 1930 2624 diuerse
1958 2574 2057 2635 sunt3

723 2670 860 2743 obiectu,
889 2670 971 2732 sicut
997 2672 1023 2732 si
1051 2669 1148 2731 simul
1175 2669 1249 2752 quis
1276 2669 1384 2731 uideat
1410 2668 1521 2730 album
1547 2682 1578 2731 et
1602 2669 1732 2750 nigrum
1756 2680 1787 2730 et
1810 2668 1923 2730 eodem
1951 2667 2058 2740 oculu,

724 2790 833 2839 tamen
853 2778 996 2839 visiones
1015 2777 1141 2839 diuerse
1161 2789 1257 2851 sunt3
1279 2789 1435 2857 tempore,
1456 2777 1537 2839 sicut
1556 2795 1631 2837 cum
1653 2775 1782 2837 uideam
1808 2775 1913 2856 primo
1932 2773 2058 2849 album,

724 2899 755 2946 et
770 2897 879 2966 postea
893 2904 968 2946 cum
986 2884 1225 2966 interrupcione
1241 2885 1266 2925 ¹⁰
1281 2883 1366 2945 idem
1383 2882 1494 2945 album
1512 2882 1655 2957 uideam,
1672 2882 1815 2944 uisiones
1829 2881 1956 2945 diuerse
1970 2895 2057 2944 sunt.

726 2991 759 3054 Si
781 2993 878 3074 igitur
892 2991 958 3054 duo
973 2994 999 3034 11
1018 2992 1169 3054 homines
1189 2990 1370 3072 intelligant
1390 2990 1475 3052 idem
1498 2988 1700 3071 intelligibile
1719 3001 1750 3051 et
1768 2988 1880 3063 simul,
1898 2990 1980 3052 sicut
2000 2989 2060 3051 hoc

658 3120 696 3159 '20
725 3098 781 3161 fiat
800 3100 861 3161 hoc
881 3118 935 3181 per
955 3118 1058 3160 vnum
1082 3097 1294 3172 intellectum,
1317 3097 1493 3179 intelligere
1512 3096 1611 3159 huius
1631 3099 1656 3139 1²
1677 3096 1823 3159 hominis
1842 3109 1873 3158 et
1893 3095 1980 3157 illius
2001 3096 2061 3160 erit

724 3226 829 3268 vnum
845 3220 875 3269 et
891 3206 990 3281 idem,
1006 3205 1094 3288 quod
1110 3205 1238 3268 videtur
1252 3204 1443 3268 absurdum.

806 3313 846 3375 Et
865 3314 994 3389 iterum,
1016 3312 1236 3395 Philosophus
1258 3312 1330 3375 uult
1351 3311 1549 3374 intellectum
1570 3330 1637 3374 esse
1658 3311 1691 3372 in
1713 3311 1860 3393 potencia
1879 3309 1918 3372 ad
1940 3309 2060 3391 species

725 3420 955 3503 intelligibiles,
976 3434 1006 3483 et
1026 3421 1224 3503 receptiuum
1249 3420 1440 3503 specierum,
1461 3432 1491 3482 et
1510 3418 1712 3480 denudatum
1733 3438 1751 3479 a
1772 3417 1950 3499 speciebus,
1970 3416 2058 3499 quod

725 3529 750 3589 si
771 3529 811 3589 sit
830 3547 928 3603 vnuS,
948 3528 1007 3590 erit
1027 3546 1154 3609 semper
1173 3527 1289 3609 plenus
1310 3527 1478 3609 speciebus
1497 3539 1527 3588 et
1546 3524 1727 3588 destruetur
1746 3524 1926 3587 intellectus
1948 3542 2057 3605 agens

662 3653 693 3696 25
726 3635 766 3696 Et
783 3634 854 3697 ideo
874 3635 946 3697 dico
968 3649 1095 3716 propter
1114 3633 1337 3697 difficultatem
1362 3634 1593 3716 premissorum
1615 3647 1645 3695 et
1664 3632 1882 3715 quorumdam
1906 3631 2059 3706 aliorum,

724 3741 813 3824 quod
836 3742 915 3803 mihi
939 3742 1078 3804 dubium
1103 3741 1203 3804 suita
1225 3740 1322 3823 longo
1344 3755 1499 3822 ternpore,
1522 3738 1601 3822 quid
1623 3742 1647 3781 ¹³
1668 3740 1721 3801 uia
1744 3738 1882 3801 racionis
1904 3736 2061 3800 naturalis

726 3850 759 3910 in
786 3849 927 3930 predicto
954 3849 1152 3932 problemate
1179 3849 1219 3911 sit
1244 3847 1437 3923 tenendum,
1461 3847 1594 3930 etquid
1619 3848 1753 3909 senserit
1778 3842 1997 3927 Philosophus
2021 3843 2061 3906 de

724 3956 809 4019 dicta
838 3957 1026 4038 questione;
1056 3970 1087 4018 et
1115 3957 1148 4017 in
1179 3955 1233 4018 tali
1261 3955 1362 4018 dubio
1392 3953 1466 4016 fidei
1494 3953 1718 4016 adherendum
1748 3966 1806 4027 est,
1833 3972 1896 4035 que
1924 3970 2057 4015 omnem

726 4063 890 4126 racionem
915 4061 1095 4125 humanam
1122 4074 1261 4145 superat.

794 4358 897 4441 [Vlll.
930 4360 1046 4422 Utrum
1065 4357 1296 4440 uegetatiuum,
1313 4356 1507 4419 sensitivam
1522 4364 1555 4417 et
1569 4354 1802 4417 intellecturum
1819 4354 1851 4416 in
1868 4354 1994 4417 homine

989 4465 1182 4548 pertineant
1199 4465 1244 4527 ud
1261 4465 1393 4527 eandem
1408 4461 1628 4526 substanciam
1644 4461 1751 4524 anime
1761 4461 1790 4543 P]

806 4653 899 4715 Circa
915 4653 998 4716 viiim
1019 4654 1108 4735 prius
1124 4652 1363 4735 propositorum
1380 4651 1506 4714 videtur
1522 4652 1659 4713 sensisse
1676 4648 1906 4732 Philosophus,
1923 4650 1956 4710 in
1978 4648 2060 4711 libro

726 4760 765 4823 de
777 4760 997 4823 Generacione
1010 4760 1218 4836 animalium,
1235 4758 1433 4823 intellectum
1451 4778 1518 4821 uon
1536 4759 1692 4840 pertinere
1704 4757 1745 4819 ad
1758 4756 1894 4820 eandem
1912 4756 2061 4819 substan-

806 4966 1301 5023 ¹P-1.-²P-1.-³v-5.
1318 4961 2058 5034 -⁴v:deffendens.-⁶V÷stc.-012-1.

726 5090 759 5097 -
773 5058 862 5110 'V—
875 5075 895 5111 r.
907 5089 941 5096 —
956 5057 967 5089 ⁸
982 5057 1050 5109 V:
1065 5056 1141 5111 idem
1156 5056 1316 5111 obiectum.
1332 5055 1387 5095 -0
1402 5055 1424 5106 V
1437 5078 1472 5103 ε
1487 5070 1540 5125 ego
1558 5066 1586 5109 et
1605 5066 1636 5109 tu
1656 5066 1683 5108 et
1696 5054 1795 5108 simul.
1811 5083 1844 5092 —
1859 5052 1881 5084 ¹⁰
1896 5052 1960 5104 V:
1975 5052 2060 5106 inter-

727 5147 882 5218 pelacione.
898 5177 932 5185 —
946 5146 965 5177 ¹¹
976 5146 999 5199 V
1011 5179 1042 5186 —
1056 5164 1077 5199 1.
1090 5178 1124 5185 -
1139 5145 1160 5177 ¹¹
1174 5145 1197 5197 V
1210 5168 1245 5193 ε
1259 5145 1354 5199 videre
1368 5144 1464 5200 vuius
1482 5175 1515 5183 —
1531 5142 1553 5176 ¹⁸
1566 5145 1587 5199 Ρ
1598 5167 1634 5192 =
1646 5142 1726 5214 quia.
