4882 6546
646 915 731 959 CXXII

734 1083 765 1151 Α
781 1084 897 1172 quelle
912 1086 990 1152 date
1005 1084 1113 1153 Gilles
1128 1087 1170 1154 de
1186 1087 1350 1155 Lessines
1366 1086 1457 1154 a·t·il
1473 1089 1608 1176 envoye
1622 1090 1643 1156 d
1659 1088 1781 1157 Albert
1797 1090 1827 1157 le
1842 1091 1977 1173 Grand,

646 1199 739 1267 alors
756 1201 775 1267 ai
792 1199 962 1290 Cologne,
977 1201 1009 1268 la
1028 1201 1104 1269 liste
1120 1204 1181 1270 des
1198 1203 1440 1291 propositions
1457 1202 1485 1271 si
1503 1205 1684 1272 vivement
1698 1205 1877 1294 disputees
1890 1207 1979 1274 dans

647 1317 696 1383 les
719 1316 831 1384 ecoles
854 1316 1074 1404 parisiennes
1089 1319 1106 1382 Ρ
1122 1319 1215 1386 C'est
1232 1340 1271 1387 ce
1289 1319 1376 1407 qu'il
1397 1320 1550 1408 importe
1566 1335 1674 1389 avant
1696 1335 1773 1388 tout
1788 1322 1831 1389 de
1848 1323 1977 1389 savoir.

736 1435 804 1500 Des
841 1434 971 1521 quinze
1013 1435 1255 1522 propositions
1294 1435 1466 1524 signalees
1508 1458 1572 1526 par
1614 1437 1736 1518 Gilles,
1781 1439 1830 1505 les
1874 1438 1979 1506 treize

647 1550 839 1637 premieres
873 1564 955 1617 sont
989 1550 1189 1638 identiques
1225 1573 1308 1619 avec
1345 1552 1448 1620 celles
1485 1554 1724 1621 condamnees
1758 1555 1778 1621 a
1813 1555 1913 1622 ParIs
1949 1554 1979 1622 le

652 1686 689 1732 10
714 1665 900 1732 decembre
928 1672 1059 1753 12701.
1089 1666 1182 1734 Elles
1208 1688 1244 1734 se
1270 1683 1476 1756 rapportent
1499 1671 1594 1737 done
1619 1691 1664 1737 au
1692 1671 1810 1738 meme
1836 1669 1900 1738 fait
1910 1695 1919 1754 3
1947 1686 1980 1738 et

647 1948 835 2015 manuscrits,
850 1949 902 2021 qui
917 1949 1098 2006 constituent
1114 1950 1139 2005 la
1155 1950 1245 2023 partIe
1259 1951 1285 2006 la
1300 1952 1366 2023 plus
1381 1952 1558 2024 importante
1572 1951 1608 2008 de
1623 1954 1649 2007 la
1664 1952 1817 2009 collection
1836 1965 1981 2010 contenue

647 2038 720 2094 dans
736 2040 760 2093 le
776 2054 831 2093 ms.
846 2039 908 2109 453.

737 2127 798 2182 Fol.
820 2129 863 2199 87.
893 2129 1077 2201 Perspectiua
1098 2129 1207 2185 Alberti
1233 2130 1330 2205 magni
1354 2130 1449 2187 fratris
1470 2130 1582 2187 ordinis
1605 2130 1820 2204 predicatorum
1844 2131 1981 2205 Episcopi

648 2216 869 2288 Ratisponensis
884 2217 988 2290 Incipit
1001 2217 1129 2274 feliciter.
1141 2218 1296 2275 Tractatus
1309 2220 1489 2292 perspectiue
1502 2222 1612 2277 habens
1625 2234 1682 2277 tres
1695 2232 1823 2294 partes...
1835 2221 1980 2291 Qvoniam

648 2306 784 2378 precipua
798 2306 954 2362 delectacIo
969 2318 1068 2362 nostra
1083 2318 1126 2363 est
1143 2307 1173 2363 in
1188 2307 1264 2373 visu,
1279 2319 1307 2364 et
1323 2309 1372 2364 lux
1385 2321 1413 2364 et
1426 2310 1507 2365 color
1521 2311 1629 2367 habent
1646 2311 1799 2383 specialem
1820 2309 1982 2383 pulchritu-

646 2394 757 2449 dinem.
782 2395 920 2467 Explicit
944 2412 953 2451 :
977 2396 1027 2452 fol.
1055 2413 1113 2471 190,
1139 2409 1167 2452 et
1189 2398 1282 2453 multa
1304 2398 1470 2454 consimilia
1493 2411 1523 2454 vt
1547 2400 1665 2456 anImus
1690 2400 1820 2456 mortalis
1844 2401 1981 2471 ignorans

646 2484 795 2540 veritatem
819 2501 878 2540 non
903 2497 1001 2557 posset
1023 2485 1175 2542 sustinere.
1200 2486 1276 2542 C'est
1300 2488 1445 2558 l'ouvrage
1469 2489 1568 2560 publii
1592 2505 1662 2545 sous
1687 2491 1712 2544 le
1734 2505 1805 2545 nom
1830 2489 1865 2545 de
1889 2489 1982 2560 Roget

648 2574 744 2628 Bacon
761 2590 767 2628 :
788 2573 852 2629 Tite
868 2574 947 2646 Opus
961 2575 1065 2647 Maius
1078 2575 1118 2646 of
1126 2576 1231 2649 Roget
1243 2576 1355 2642 Bacon,
1370 2577 1416 2632 ed.
1431 2577 1454 2632 J.
1472 2577 1509 2632 H.
1527 2577 1656 2649 Bridges,
1671 2591 1692 2634 t.
1709 2578 1747 2645 ll,
1762 2595 1790 2651 p.
1809 2578 1898 2633 1-165.

737 2664 798 2718 Fol.
819 2680 876 2735 ¹9¹·
901 2664 1006 2736 Incipit
1027 2665 1183 2721 Tractatus
1204 2666 1313 2721 alberti
1336 2666 1372 2721 de
1394 2683 1481 2722 sensu
1508 2668 1662 2723 communi
1689 2683 1696 2722 :
1721 2668 1794 2739 quid
1817 2668 1854 2725 sit
1878 2684 1982 2723 sensus

647 2753 817 2808 communis
837 2765 865 2809 et
883 2770 983 2825 quare.
1008 2754 1144 2823 Qveritur
1163 2755 1198 2809 de
1218 2771 1306 2810 sensu
1328 2756 1493 2812 communi.
1515 2757 1653 2825 Queritur
1672 2772 1747 2828 quae
1768 2757 1806 2813 sit
1827 2757 1982 2813 necessitas

648 2841 776 2913 ponendi
795 2858 915 2898 sensum
934 2859 1136 2899 communem.
1152 2843 1196 2899 Ad
1212 2845 1293 2915 quod
1314 2856 1357 2900 est
1371 2844 1530 2901 dicendum
1549 2845 1630 2917 quod
1652 2846 1681 2900 in
1701 2847 1784 2902 omni
1804 2858 1908 2902 natura
1925 2863 1983 2918 que

648 2931 782 3002 pluribus
801 2942 844 2988 est
862 2932 1042 3000 communis,
1062 2944 1176 3005 oportet
1196 2949 1257 2988 esse
1275 2949 1367 2989 vnum
1388 2933 1499 2990 iontem
1519 2951 1552 2990 ex
1570 2950 1632 3006 quo
1652 2935 1762 2991 oriatur
1783 2936 1829 2990 illa
1848 2952 1984 2992 commu-

648 3020 733 3076 nitas.
753 3020 915 3093 Explicit:
935 3021 954 3076 f.
975 3029 1041 3094 194¹,
1057 3023 1107 3078 sed
1124 3022 1259 3095 proprius
1273 3022 1381 3079 dicitur
1392 3024 1563 3080 communis
1577 3024 1647 3095 quia
1664 3041 1715 3096 per
1732 3025 1877 3096 posterius
1896 3025 1983 3081 sentit

648 3109 749 3164 omnia
764 3123 879 3166 sensata
893 3112 1018 3184 propria.

738 3199 799 3254 Fol.
820 3201 877 3273 195.
902 3200 1007 3273 Incipit
1017 3201 1047 3256 T
1049 3213 1175 3257 ractatus
1190 3200 1298 3256 Alberti
1320 3201 1417 3272 magni
1436 3201 1472 3257 de
1486 3202 1621 3274 quinque
1639 3202 1782 3275 potenciis
1800 3202 1906 3268 anime,
1925 3219 1984 3275 que
2063 3250 2067 3261 .

648 3288 857 3359 aquibusdam
876 3290 1017 3347 dicuntur
1030 3291 1164 3362 quinque
1182 3307 1286 3346 sensus
1307 3291 1467 3357 Interiores,
1487 3302 1515 3347 et
1534 3304 1605 3348 sunt
1621 3292 1829 3364 ymaginatiua,
1849 3292 1982 3359 fantasia,

648 3378 824 3445 estImatiua,
841 3380 981 3435 memoria
994 3391 1022 3435 et
1036 3379 1288 3435 remInlscencia...
1304 3380 1438 3452 Incipit:
1453 3380 1529 3436 Sunt
1542 3391 1640 3437 autern
1657 3381 1821 3437 secundum
1836 3381 1983 3452 quosdam

649 3467 843 3539 philosophos
871 3481 965 3541 partes
991 3470 1088 3524 anime
1115 3469 1260 3524 sensibilis
1286 3485 1344 3541 que
1371 3482 1442 3525 sunt
1466 3470 1678 3542 apprehensiue
1704 3470 1740 3525 de
1768 3471 1848 3526 intus
1875 3471 1984 3527 scilicet

649 3556 791 3628 quinque.
811 3557 971 3629 Explicit:
991 3558 1011 3613 i.
1031 3559 1102 3625 205',
1125 3559 1257 3614 similiter
1277 3559 1458 3614 melancolici
1480 3571 1550 3615 sunt
1573 3560 1644 3614 bene
1665 3560 1894 3629 reminiscentes,
1915 3561 1984 3632 quia

650 3645 755 3701 horum
771 3645 946 3703 fantasmata
960 3660 1082 3704 mouent
1096 3648 1232 3714 maxime,
1249 3648 1284 3703 Et
1297 3648 1338 3703 sic
1352 3660 1430 3721 patet
1443 3648 1479 3704 de
1491 3649 1626 3720 quinque
1638 3649 1749 3706 viribus
1763 3650 1984 3722 apprehensiuis

649 3735 807 3791 sensitiuis.

739 3825 800 3880 Fol.
829 3826 965 3898 nodatis.
998 3827 1074 3883 C'est
1100 3828 1125 3882 le
1151 3827 1234 3883 traite
1260 3826 1296 3882 de
1322 3827 1498 3897 Quindecim
1528 3828 1774 3901 ProplematibuS,
1802 3829 1901 3901 publii
1926 3845 1984 3884 aux

648 3912 846 3985 Appendices
864 3931 891 3987 p.
912 3916 999 3971 15-36.

739 4003 800 4058 Fol.
816 4020 877 4058 22ο.
899 4005 1035 4061 Albertus
1050 4006 1185 4077 Magnus.
1203 4006 1242 4061 De
1256 4005 1351 4061 forma
1369 4006 1570 4062 resultantem
1590 4007 1719 4079 speculo.
1737 4005 1868 4078 Incipit:
1883 4007 1985 4077 Queri·

650 4103 698 4147 tur
717 4091 753 4147 de
773 4093 867 4148 forma
888 4094 918 4149 ln
940 4096 1060 4167 speculo
1082 4097 1240 4151 resultante
1261 4112 1320 4167 que
1342 4112 1395 4151 nec
1418 4098 1517 4152 lumen
1541 4112 1593 4151 nec
1615 4097 1696 4152 color
1717 4112 1780 4152 esse
1801 4096 1924 4152 videtur.
1950 4097 1985 4153 Et

650 4182 747 4253 primo
772 4183 914 4253 queritur,
939 4194 1036 4240 vtrum
1064 4185 1100 4241 sit
1122 4186 1166 4240 vel
1193 4202 1263 4240 non.
1292 4185 1326 4240 Et
1349 4185 1464 4241 videtur
1486 4185 1568 4257 quod
1596 4202 1656 4241 non
1681 4185 1751 4257 quia
1775 4186 1883 4241 dicitur
1905 4186 1933 4240 in
1957 4202 1984 4240 vt

650 4270 799 4343 principiis
822 4273 904 4343 quod
928 4273 1108 4346 impossibile
1130 4286 1173 4330 est
1196 4291 1255 4330 non
1280 4291 1388 4346 corpus
1408 4291 1529 4347 corpore
1550 4275 1668 4331 moveri.
1692 4274 1853 4348 Explicit:
1877 4274 1896 4329 f.
1912 4276 1984 4342 225',

650 4360 673 4414 si
701 4361 832 4416 secundo
861 4362 967 4429 modo,
997 4376 1069 4420 tunc
1097 4364 1205 4420 dIcitur
1232 4363 1381 4420 inuisibile
1408 4365 1489 4436 quod
1519 4365 1605 4421 habet
1638 4381 1758 4437 paruam
1788 4363 1984 4420 differenciam

651 4448 870 4508 inuisibilitatis.

740 4540 801 4595 Fol.
822 4542 883 4596 226.
907 4542 1011 4615 Incipit
1024 4543 1179 4599 Tractatus
1198 4543 1272 4599 beati
1286 4543 1403 4598 Thome
1416 4542 1452 4598 de
1470 4543 1631 4615 Sompniis.
1647 4542 1781 4615 Incipit:
1797 4543 1872 4598 Cum
1887 4542 1985 4598 omnis

650 4631 730 4686 accio
749 4631 786 4687 sit
801 4632 837 4686 ab
852 4633 950 4703 aliqua
963 4634 1078 4689 virtute.
1099 4632 1261 4705 Explicit:
1281 4632 1301 4687 I.
1317 4634 1379 4699 230,
1396 4633 1480 4704 quasi
1498 4636 1644 4705 completa
1663 4644 1738 4689 recta
1756 4632 1832 4688 fiunt
1849 4632 1984 4705 sompnia

651 4732 722 4776 tunc
736 4721 813 4775 enim
828 4734 921 4779 cessat
936 4734 1035 4778 motus
1049 4723 1232 4778 nutrImenti.

742 4811 803 4866 Fol.
828 4812 889 4866 231.
919 4811 1004 4867 Liber
1027 4812 1104 4869 Beati
1125 4813 1242 4867 Thome
1264 4811 1300 4867 de
1323 4812 1449 4868 Summo
1473 4812 1563 4868 bono.
1589 4811 1700 4884 Incipit
1720 4828 1730 4867 .·
1750 4812 1826 4867 Cum
1850 4811 1879 4865 in
1902 4811 1985 4867 omni

652 4900 747 4973 specie
766 4900 841 4956 entis
862 4901 899 4958 sit
919 4901 1038 4973 aliquod
1060 4918 1213 4958 summum
1236 4902 1348 4958 bonurn
1371 4901 1517 4974 possibile.
1540 4900 1708 4973 Explicit:
1731 4900 1750 4955 i.
1770 4901 1828 4972 134,
1853 4900 1983 4956 Primum

652 5003 749 5046 autem
771 4991 948 5063 principium
967 4991 1004 5047 de
1020 5008 1082 5063 quo
1102 5008 1198 5048 sermo
1219 4992 1313 5047 iactus
1332 5004 1385 5058 est,
1406 5003 1449 5047 est
1471 4991 1548 5047 Deus
1566 4991 1711 5061 gloriosus
1731 5001 1758 5046 et
1779 4990 1915 5045 sublimIs
1933 4989 1984 5061 qui

652 5081 879 5139 estbenedictus
895 5081 922 5135 in
940 5082 1054 5137 saecula
1070 5084 1253 5137 saeculorum
1269 5098 1364 5136 amen.
1742 5101 1747 5110 ·

742 5172 751 5208 ¹
770 5172 930 5247 Comparez
942 5170 1140 5248 Appendices,
1158 5188 1186 5243 p.
1206 5170 1394 5231 netelton.
1413 5169 1499 5227 Unici.
1518 5169 1628 5239 Paris,
1646 5169 1667 5237 l,
1683 5186 1711 5244 p.
1727 5168 1836 5242 48o87.
