4872 6552
1260 883 1465 967 ‘7⁶-

693 1071 890 1135 vniuersalia
911 1072 977 1135 sint
998 1090 1046 1134 res
1065 1070 1277 1146 Vniuersales,
1297 1069 1389 1134 aliter
1407 1070 1496 1133 enim
1516 1069 1556 1133 de
1578 1070 1724 1153 partibus
1747 1090 1814 1135 non
1835 1070 2029 1147 dicerentur,

695 1181 791 1263 igitur
812 1181 881 1262 ipsa
903 1198 971 1242 non
993 1192 1070 1242 sunt
1092 1178 1228 1241 interius
1249 1179 1283 1240 in
1305 1179 1428 1241 anima.

777 1287 932 1362 Preterea‚
949 1305 997 1349 res
1019 1288 1088 1368 ipsa
1107 1285 1341 1349 uniuersalitati
1364 1285 1519 1361 subiecta,
1537 1286 1637 1349 homo
1656 1285 1706 1349 vel
1727 1286 1820 1369 lapis,
1842 1298 1977 1349 nonest
1997 1288 2030 1349 in

694 1396 817 1458 anima.
844 1393 990 1457 lntencio
1013 1395 1114 1456 eciam
1139 1392 1391 1457 uniuersalitatis
1418 1392 1513 1456 habet
1536 1412 1604 1457 esse
1628 1395 1662 1455 in
1686 1412 1725 1457 eo
1748 1393 1836 1477 quod
1860 1394 1979 1457 dicitur
2001 1406 2032 1457 et

651 1524 664 1568 5
694 1503 927 1566 denominatur
946 1500 1141 1576 vniuersale,
1162 1502 1239 1584 quia
1262 1501 1363 1565 homo
1384 1514 1415 1564 et
1436 1502 1531 1585 lapiS,
1553 1521 1630 1564 cum
1652 1501 1803 1564 dicantur
1821 1501 2030 1577 uniuersalia,

589 1601 597 1613 '
695 1611 729 1671 in
756 1611 801 1672 eis
827 1622 874 1672 est
900 1609 1039 1672 intentio
1063 1608 1326 1671 vniuersalitatis.
1357 1610 1425 1672 Aut
1452 1628 1528 1692 ergo
1556 1622 1749 1691 utrumque,
1778 1626 1826 1671 res
1854 1608 1974 1671 scilicet
2002 1620 2032 1671 et

695 1717 845 1791 intentio,
861 1729 917 1780 aut
937 1728 1090 1778 neutrum
1110 1727 1157 1779 est
1177 1717 1210 1778 in
1231 1717 1353 1778 anima.
1371 1715 1469 1796 Quod
1489 1718 1514 1778 si
1531 1716 1632 1779 homo
1646 1728 1677 1779 et
1691 1715 1786 1798 lapis,
1801 1716 1981 1778 secundum
1999 1716 2031 1778 id

694 1823 783 1907 quod
810 1835 899 1898 sunt,
925 1842 993 1885 non
1019 1834 1096 1885 sunt
1125 1823 1159 1883 in
1185 1822 1310 1898 anima,
1334 1822 1462 1887 videtur
1485 1822 1574 1906 quod
1604 1841 1709 1905 neque
1736 1821 1917 1885 secundum
1942 1822 2031 1905 quod

695 1929 903 1994 vniuersalia.

636 2071 665 2103 ιο
775 2037 918 2101 Solucio.
944 2036 1149 2112 Vniuersale,
1165 2037 1347 2100 secundum
1363 2037 1451 2120 quod
1467 2037 1662 2113 uniuersale,
1679 2057 1747 2101 non
1767 2051 1814 2100 est
1833 2036 2031 2113 substancia,

662 2165 668 2175 ’
695 2145 777 2208 sicut
791 2144 863 2208 vult
877 2144 1065 2221 aristoteles,
1079 2146 1140 2227 vij⁰
1157 2145 1385 2227 metaphysice.
1401 2144 1498 2225 Quod
1514 2146 1616 2208 eciam
1633 2146 1678 2208 sic
1693 2159 1789 2228 patet.
1807 2145 1891 2207 Nam
1907 2145 2030 2227 ipsum,

695 2252 876 2315 secundum
902 2251 990 2335 quod
1014 2251 1088 2326 tale,
1113 2251 1222 2314 differt
1244 2271 1262 2314 a
1286 2252 1442 2334 singulari
1467 2252 1624 2334 quolibet.
1652 2252 1686 2315 Si
1713 2253 1822 2335 igitur,
1850 2251 2030 2315 secundum

694 2359 783 2442 quod
798 2359 873 2435 tale,
889 2359 1009 2422 scilicet
1023 2359 1219 2435 uniuersale,
1235 2371 1316 2422 esset
1331 2358 1529 2435 substancia,
1544 2372 1624 2422 tunc
1639 2360 1673 2421 in
1689 2358 1876 2422 substancia
1890 2359 2032 2423 differret

694 2486 713 2529 a
739 2466 884 2550 quolibet
912 2466 1081 2549 singulari,
1108 2479 1139 2530 et
1164 2480 1340 2549 vtrumque
1366 2480 1448 2529 esset
1476 2468 1662 2529 substancia
1689 2467 1722 2529 in
1750 2479 1822 2533 actu
1849 2467 2032 2530 vniuersale

636 2598 665 2641 15
695 2576 779 2637 sicut
802 2588 833 2637 et
856 2574 1029 2657 singulare.
1047 2575 1148 2637 Actus
1171 2588 1280 2637 autem
1302 2573 1550 2657 distinguuntur
1565 2577 1587 2635 ¹.
1605 2574 1691 2654 Quia
1714 2589 1821 2638 essent
1835 2574 2032 2637 vniuersalia

695 2683 879 2747 substancie
906 2681 1058 2744 distincte
1090 2694 1120 2744 et
1153 2694 1295 2763 separate
1323 2701 1341 2743 a
1371 2680 1635 2763 particularibus,
1666 2695 1795 2764 propter
1823 2682 1911 2764 quod
1944 2681 2031 2764 apud

694 2789 902 2863 aristotelem,
929 2789 1015 2852 idem
1040 2787 1102 2851 suit
1125 2788 1323 2851 vniuersalia
1346 2808 1414 2851 esse
1438 2788 1652 2864 substancias,
1675 2802 1705 2851 et
1729 2790 1798 2871 ipsa
1820 2809 1838 2851 a
1863 2789 2032 2871 particula-

694 2897 785 2961 ribus
804 2917 872 2960 esse
891 2909 1047 2979 separata.
1068 2895 1165 2977 Quod
1186 2898 1212 2958 si
1227 2895 1425 2971 vniuersale,
1445 2895 1626 2958 secundum
1647 2897 1736 2979 quod
1751 2895 1946 2972 vniuersale,
1964 2915 2029 2958 non

694 3017 742 3069 est
760 3005 958 3080 substancia,
974 3017 1054 3067 tunc
1072 3016 1203 3086 apparet
1217 3003 1306 3087 quod
1327 3005 1360 3065 in
1376 3003 1552 3067 vniuersali
1573 3017 1650 3066 sunt
1664 3003 1742 3079 du0,
1759 3003 1889 3079 scilicet,
1906 3022 1954 3066 res
1969 3022 2033 3086 que

633 3147 666 3180 20
694 3114 927 3176 denominatur
945 3111 1151 3187 vniuersalis,
1173 3110 1275 3173 homo
1289 3110 1339 3173 vel
1360 3110 1454 3193 lapis,
1474 3130 1539 3193 que
1559 3130 1626 3173 non
1646 3112 1746 3173 estin
1768 3112 1892 3186 anima,
1912 3123 1943 3173 et
1963 3111 2032 3193 ipsa

695 3221 833 3283 intentio
856 3218 1108 3282 Vniuersalitatis
1131 3238 1194 3302 que
1217 3232 1264 3281 est
1288 3219 1322 3281 in
1346 3218 1469 3280 anima.
1499 3217 1538 3280 Et
1561 3219 1606 3280 sic
1630 3218 1824 3294 uniuersale,
1850 3218 2030 3281 secundum

693 3327 783 3411 quod
804 3326 879 3403 tale,
903 3346 970 3390 non
992 3340 1040 3389 est
1062 3328 1124 3389 nisi
1148 3328 1181 3388 in
1204 3326 1329 3401 anima,
1351 3324 1439 3408 quod
1462 3326 1508 3387 sic
1528 3338 1670 3407 apparet.
1697 3325 1772 3389 Non
1794 3326 1884 3388 enim
1906 3325 2031 3408 aliquid

694 3435 812 3497 dicitur
831 3434 1014 3497 vniuersale
1031 3434 1109 3516 quia
1128 3434 1347 3496 communiter
1366 3446 1396 3495 et
1414 3431 1571 3495 abstracte
1592 3452 1611 3496 a
1631 3432 1891 3516 particularibus,
1913 3432 1952 3495 de
1973 3453 2031 3495 sua

696 3555 822 3617 natura,
838 3541 889 3604 vel
905 3562 923 3604 a
938 3554 1028 3624 parte
1049 3541 1229 3604 intellectus
1250 3542 1284 3602 in
1305 3561 1411 3603 rerum
1433 3552 1548 3603 natura
1568 3543 1692 3605 existat.
1714 3540 1768 3603 Sic
1786 3542 1888 3616 enim,
1909 3560 1976 3603 non
1992 3540 2032 3603 de

633 3671 664 3716 25
695 3652 774 3732 ipsis
793 3669 868 3712 uere
888 3650 1056 3725 diceretur,
1076 3668 1151 3711 cum
1173 3662 1254 3711 esset
1273 3648 1314 3711 ab
1333 3649 1378 3711 eis
1399 3650 1433 3711 in
1453 3667 1521 3711 esse
1541 3661 1735 3730 separatum.
1759 3648 1825 3710 Nec
1847 3648 2031 3730 indigemus

693 3776 785 3840 agere
799 3756 839 3819 de
858 3756 1033 3819 intellectu.
1057 3755 1241 3820 Intellectus
1259 3757 1348 3818 enim
1369 3774 1467 3838 agens
1483 3775 1549 3817 non
1566 3755 1621 3818 dat
1637 3755 1731 3818 rebus
1746 3754 1890 3838 aliquam
1911 3754 2031 3818 abstra-

693 3865 835 3927 ctionem
862 3865 895 3926 in
923 3883 991 3927 esse
1014 3884 1032 3926 a
1057 3864 1190 3926 materia
1217 3862 1427 3937 indiuiduali,
1455 3863 1505 3926 uel
1534 3862 1794 3945 particularibus,
1819 3864 1874 3926 sed
1901 3876 2029 3925 tantum

694 3970 874 4034 secundum
905 3970 1103 4035 intellectum
1135 3972 1296 4053 ipsarum,
1325 3969 1475 4033 faciendo
1504 3969 1703 4033 intellectum
1738 3969 1947 4033 abstractum.
1978 3971 2031 4034 Sic

694 4099 781 4162 ergo,
803 4079 972 4141 hominem
993 4078 1043 4141 vel
1064 4078 1204 4160 lapidem
1225 4097 1293 4140 esse
1312 4077 1509 4141 vniuersalia
1533 4096 1599 4140 non
1622 4091 1669 4139 est
1691 4078 1753 4139 nisi
1777 4079 1846 4160 ipsa
1865 4079 2031 4141 vniuersa-

633 4208 665 4252 30
694 4188 766 4250 liter
780 4200 811 4250 et
825 4187 981 4250 abstracte
995 4187 1037 4248 ab
1053 4185 1249 4248 indiuiduali
1271 4186 1404 4247 materia
1425 4185 1558 4268 intelligi
1575 4190 1598 4260 2,
1617 4205 1682 4248 non
1700 4186 1769 4267 ipsa
1785 4186 1830 4248 sic
1844 4188 1857 4228 ⁸
1872 4186 1905 4247 in
1922 4205 2029 4248 rerum

695 4307 810 4357 natura
829 4294 973 4357 existere.
995 4294 1093 4374 Quod
1113 4294 1140 4356 si
1159 4294 1316 4357 abstracte
1337 4293 1472 4375 intelligi
1493 4312 1561 4355 non
1581 4293 1703 4356 habent
1723 4294 1794 4368 ista,
1815 4292 1927 4369 homo,
1948 4292 2031 4375 lapis

694 4416 725 4465 et
744 4401 864 4464 similia
884 4401 946 4463 nisi
963 4402 998 4462 in
1013 4402 1137 4476 anima,
1152 4413 1231 4463 tunc
1251 4401 1348 4483 igitur
1363 4402 1423 4463 ista
1442 4414 1519 4463 sunt
1539 4401 1571 4462 in
1592 4401 1724 4477 anima3
1746 4400 1925 4463 secundum
1942 4400 2030 4482 quod

694 4508 892 4573 uniuersalia
911 4527 986 4571 cum
1007 4508 1166 4571 abstracto
1181 4527 1294 4571 eorum
1312 4508 1475 4571 intellectu
1490 4512 1504 4550 4
1519 4509 1551 4570 in
1569 4507 1665 4571 rebus
1682 4526 1747 4570 non
1764 4508 1907 4571 existunt
1922 4508 2031 4570 sicut⁵

696 4618 840 4680 materia.
857 4615 954 4695 Quod
969 4617 1071 4679 eciam
1088 4617 1122 4678 in
1138 4615 1237 4678 simili
1255 4614 1364 4678 uidere
1378 4616 1547 4697 contingit.

633 4743 665 4787 35
775 4725 838 4788 Res
859 4725 948 4788 enim
971 4723 1081 4806 aliqua
1102 4723 1220 4786 dicitur
1239 4723 1399 4787 intellecta
1420 4722 1497 4805 quia
1519 4722 1580 4785 sibi
1603 4722 1718 4785 accidit
1739 4742 1807 4785 esse
1829 4722 2029 4786 intellectum

695 4834 765 4896 siue
786 4832 932 4915 intelligi.
949 4831 1046 4895 Vnde
1065 4831 1137 4896 licet
1156 4832 1226 4914 ipsa
1246 4850 1307 4908 res,
1327 4830 1508 4893 secundum
1529 4830 1673 4912 idipsum
1694 4829 1782 4913 quod
1804 4842 1862 4906 est,
1883 4831 1924 4892 sit
1942 4841 2030 4892 extra

768 5075 777 5106 ¹
793 5075 838 5131 Ms
851 5101 887 5120 =
900 5073 1101 5145 distinguitur.
1118 5105 1152 5113 —
1174 5072 1184 5103 ²
1204 5073 1293 5127 llis:
1308 5071 1490 5142 intelligibili.
1506 5105 1540 5111 —
1555 5072 1566 5104 ⁸
1584 5072 1675 5128 Ms=
1686 5072 1772 5128 sicut.
1789 5104 1822 5112 -
1840 5072 2029 5131 ⁴Ms=abs-

695 5177 823 5223 tractum
845 5180 947 5221 eorum
968 5163 1158 5223 intellectum.
1175 5195 1208 5203 —
1224 5163 1235 5195 ⁶
1250 5163 1294 5217 Ms
1307 5188 1343 5207 =
1356 5162 1496 5220 existente
1514 5161 1560 5219 sit.
