4880 6546
1623 979 1725 1036 dccvii

394 1163 515 1245 palent
546 1181 615 1246 que
649 1148 731 1226 c⁵est
765 1154 798 1226 la
832 1154 1040 1247 conception
1073 1157 1348 1246 augustinienne
1379 1161 1422 1226 de
1457 1160 1725 1229 l’illumination

395 1273 514 1341 divine
539 1275 581 1341 de
607 1274 854 1363 l’intelligence
882 1275 1052 1342 humaine
1078 1296 1147 1362 que
1174 1277 1289 1342 Bacon
1314 1291 1396 1343 veut
1422 1279 1657 1365 sauvegarder
1681 1298 1724 1343 en

394 1388 590 1457 cherchant
620 1392 640 1457 a
673 1391 721 1458 lui
756 1391 932 1458 identifier
962 1392 1047 1458 celle
1077 1391 1266 1459 d’Aristote
1298 1412 1360 1458 sur
1395 1392 1573 1460 l'intellect
1607 1407 1723 1480 agent.

395 1505 485 1572 Mais
504 1521 590 1573 cette
611 1508 776 1575 tentative
800 1509 842 1575 de
868 1528 1030 1574 ramener
1047 1508 1079 1574 la
1098 1522 1222 1574 nature
1241 1509 1284 1574 de
1305 1507 1408 1574 l’dme
1429 1508 1676 1576 intellectuelle
1693 1523 1726 1575 et

317 1680 320 1685 ⁴
393 1623 437 1688 de
462 1643 527 1689 son
552 1623 734 1710 operation
763 1624 878 1690 aune
908 1624 1024 1690 meme
1049 1624 1259 1711 conception
1287 1625 1372 1691 chez
1401 1625 1553 1692 Aristote
1581 1639 1614 1691 et
1641 1626 1726 1692 chez

326 1767 328 1771 ¹
396 1737 534 1819 Platon,
556 1760 615 1807 car
636 1739 813 1826 Augustin
836 1754 887 1807 est
909 1739 951 1807 ici
974 1740 1201 1827 platonicien‚
1223 1754 1309 1807 cette
1331 1742 1496 1807 tentative
1519 1762 1640 1829 repose
1663 1761 1726 1807 sur

394 1876 464 1922 une
487 1855 623 1923 fiction.
648 1855 683 1923 Si
708 1856 778 1924 l'on
800 1871 883 1944 peut
905 1859 1120 1944 rapprocher
1142 1857 1172 1923 le
1195 1856 1266 1923 rdle
1289 1858 1331 1924 de
1355 1856 1534 1924 l’intellect
1557 1871 1661 1944 agent
1682 1858 1725 1923 de

394 1971 534 2038 l'action
562 1972 815 2040 illuminatrice
832 1975 874 2039 de
902 1972 1003 2053 Dieu,
1031 1994 1077 2040 on
1107 1995 1149 2040 ne
1174 1986 1270 2061 peut,
1298 1994 1361 2060 par
1386 1988 1521 2053 contre,
1550 1973 1726 2040 identifier

394 2087 573 2155 l'intellect
602 2087 723 2175 pessit,
752 2088 904 2156 element
935 2089 1124 2176 perissable
1155 2104 1187 2155 et
1218 2088 1388 2155 inlerieur
1418 2090 1460 2156 de
1491 2089 1594 2155 l'ame
1625 2090 1725 2156 intel-

394 2203 515 2272 lective
552 2204 688 2293 d'apres
723 2205 895 2285 aristote,
933 2227 1017 2272 avec
1055 2205 1157 2272 l'dme
1195 2205 1442 2273 intellectuelle
1475 2208 1613 2293 passive
1647 2206 1722 2294 qui,

392 2314 477 2388 chez
494 2323 686 2409 Augustim
711 2337 762 2390 est
786 2322 999 2389 immortelle
1023 2338 1055 2390 et
1078 2323 1253 2390 constitue
1278 2322 1310 2389 la
1333 2323 1444 2411 partie
1465 2322 1660 2390 essentielle
1682 2324 1725 2389 de

393 2438 577 2505 l'homme.
598 2440 650 2505 En
673 2453 750 2506 tout
768 2461 839 2520 cas,
858 2460 949 2527 pour
967 2440 1096 2520 Bacon‚
1118 2439 1297 2506 l'intellect
1317 2438 1428 2526 passis
1443 2439 1584 2506 devient
1604 2439 1724 2526 l'equi-

392 2556 509 2624 valent
543 2558 586 2623 de
621 2556 867 2644 l'intelligence
899 2555 1122 2644 personnelle
1154 2569 1188 2622 et
1219 2555 1434 2622 immortelle
1465 2557 1554 2622 dans
1586 2554 1725 2643 chaque

393 2673 553 2754 homme,
572 2695 610 2741 ce
627 2674 688 2761 qui
710 2674 740 2740 le
760 2673 856 2761 place
873 2695 943 2740 aux
960 2673 1144 2760 antipodes
1161 2673 1203 2738 de
1220 2672 1252 2739 la
1269 2671 1479 2759 conception
1496 2671 1724 2738 aristotelico·

391 2798 581 2858 averro'iste
606 2791 692 2857 d'un
721 2790 875 2858 intellect
901 2789 1022 2877 passis,
1050 2789 1118 2857 soit
1143 2788 1346 2876 perissable‚
1376 2788 1444 2855 soit
1471 2788 1605 2876 separe,
1635 2788 1724 2854 mais

393 2907 647 2993 impersonnel.
681 2907 796 2973 Bacon
829 2906 890 2993 qui
920 2905 1103 2973 considere
1135 2905 1165 2971 la
1197 2904 1332 2971 theorie
1362 2911 1552 2971 averroi'ste
1583 2924 1645 2970 sur
1676 2904 1724 2971 les

391 3025 563 3092 intellects
586 3045 727 3092 comme
751 3044 821 3090 une
845 3023 979 3089 heresie
1002 3023 1110 3109 qu'on
1139 3042 1181 3088 ne
1204 3022 1279 3088 doit
1303 3041 1364 3108 pas
1388 3022 1505 3087 meme
1526 3020 1681 3087 discuter
1698 3025 1721 3100 ¹,

393 3162 436 3207 ne
461 3142 605 3228 pouvait
630 3141 802 3206 admettre
827 3160 919 3227 pour
943 3160 1007 3204 son
1034 3151 1175 3225 compte
1198 3139 1240 3203 de
1266 3137 1477 3204 semblables
1502 3136 1607 3203 idees.
1634 3135 1724 3202 Mais

391 3279 433 3325 en
452 3257 593 3344 pariant
609 3256 694 3323 d'un
715 3256 870 3323 intellect
886 3255 1019 3342 separe,
1039 3254 1061 3320 il
1080 3275 1099 3321 a
1118 3253 1237 3320 lourni
1258 3275 1307 3320 un
1330 3240 1537 3320 fon'dement
1553 3266 1724 3340 apparent

390 3375 410 3440 a
436 3374 663 3442 l'accusation
689 3373 939 3440 d'averro'isme
963 3393 1032 3459 que
1057 3372 1118 3438 des
1145 3371 1293 3438 lecteurs
1319 3368 1623 3435 insuffisamment
1648 3368 1722 3454 pre·

392 3491 513 3557 munis
532 3504 596 3558 ont
616 3490 753 3556 dressee
771 3501 894 3556 contre
914 3488 977 3554 lui.

479 3608 575 3674 Cette
600 3606 734 3673 theorie
757 3604 1045 3692 augustinienne,
1072 3604 1209 3670 revetue
1232 3605 1292 3670 des
1319 3601 1491 3670 formules
1513 3603 1560 3668 du
1588 3599 1723 3688 peripa-

391 3723 542 3803 tetisme‚
568 3737 664 3790 toute
688 3721 942 3788 rudimentaire
966 3737 998 3787 et
1022 3719 1250 3786 incoherente
1274 3718 1400 3805 qu'elle
1423 3733 1487 3797 est,
1512 3739 1531 3784 a
1554 3729 1724 3804 pourtant

391 3861 440 3905 un
472 3840 598 3906 interet
628 3837 838 3925 historique.
870 3836 945 3904 Elle
976 3850 1116 3903 montre
1148 3835 1288 3902 l’action
1319 3834 1507 3901 d'llristote
1537 3831 1723 3920 penetrant

390 3957 451 4022 des
475 3955 507 4022 la
529 3956 702 4043 premiere
724 3954 845 4021 moitie
868 3954 915 4018 du
941 3953 1064 4018 lilllme
1085 3952 1188 4018 siecle
1212 3951 1260 4017 les
1282 3971 1388 4038 rangs
1409 3951 1470 4016 des
1492 3946 1723 4036 philosophes

389 4086 423 4138 et
445 4069 664 4159 theologicas
680 4069 938 4158 augustiniens.
958 4069 989 4133 Α
1005 4089 1043 4135 ce
1062 4080 1235 4147 moment,
1255 4066 1297 4132 ils
1316 4066 1577 4133 maintiennent
1596 4081 1722 4129 encore

390 4359 492 4416 vetites
517 4357 700 4428 intelligibles
722 4373 728 4411 :
752 4356 889 4411 Animam
914 4355 1083 4411 rationalem
1106 4354 1150 4407 vel
1176 4352 1433 4407 intellectualem...
1458 4348 1512 4404 sibi
1538 4350 1636 4403 lumen
1660 4363 1723 4403 esse

390 4464 450 4504 non
469 4464 564 4519 posse,
584 4445 634 4502 sed
653 4446 770 4503 alterius
785 4445 841 4500 veri
861 4444 981 4500 luminis
1001 4442 1220 4516 participatione
1239 4442 1342 4496 lucere.
1362 4440 1405 4493 De
1419 4438 1507 4493 Civit.
1523 4436 1588 4502 Dei,
1604 4454 1632 4504 x,
1648 4453 1672 4490 2.
1690 4468 1722 4476 —

390 4534 491 4593 Potius
509 4537 688 4592 credendum
704 4548 757 4601 est,
775 4534 881 4590 mentis
901 4533 1102 4589 intellectualis
1122 4533 1161 4587 ita
1175 4530 1325 4587 conditam
1344 4545 1405 4584 esse
1425 4540 1570 4592 naturam,
1588 4538 1620 4581 ut
1636 4527 1722 4581 rebus

389 4626 620 4696 intelligibilibus
643 4624 765 4682 naturali
788 4624 900 4689 ordine,
922 4623 1096 4694 disponente
1116 4620 1284 4686 Conditore‚
1310 4618 1467 4689 subiuncta
1489 4616 1530 4671 sic
1553 4616 1607 4672 ista
1627 4615 1723 4670 videat

389 4713 418 4769 in
446 4715 574 4786 quadam
601 4716 664 4771 luce
689 4714 734 4770 sui
760 4714 871 4784 generis
897 4712 1075 4784 incorporea,
1102 4708 1356 4783 quemadmodum
1382 4708 1486 4762 oculus
1511 4704 1606 4760 carnis
1633 4704 1720 4768 videt,

389 4821 464 4875 quae
484 4806 513 4860 in
534 4806 587 4859 hac
604 4820 742 4876 corporea
763 4804 827 4859 luce
841 4801 1097 4870 circumadjacent,
1114 4799 1200 4868 cujus
1221 4798 1293 4854 lucis
1311 4813 1402 4869 capax
1417 4795 1501 4867 eique
1515 4808 1665 4864 congruus
1679 4806 1722 4848 est

389 4907 512 4949 creatus.
532 4894 576 4948 De
598 4893 723 4959 Trinit,
744 4910 794 4957 xri,
819 4893 857 4947 15.
872 4924 906 4931 -
923 4891 1135 4963 Incorporalem
1159 4887 1352 4944 substantiam
1376 4886 1436 4940 scio
1456 4900 1517 4940 esse
1538 4881 1720 4955 sapientiam,

388 4995 416 5038 et
436 4985 534 5038 lumen
551 5000 622 5051 esse,
640 4984 667 5037 in
684 4999 745 5053 quo
759 4982 895 5037 videntur
913 4997 988 5051 quae
1006 4979 1100 5035 oculis
1115 4977 1280 5033 carnalibus
1296 4992 1355 5030 non
1372 4974 1516 5030 videntur.
1533 4972 1577 5026 De
1594 4970 1721 5034 Trinit„

389 5092 407 5139 1,
423 5074 448 5127 8.
464 5104 498 5112 -
514 5074 590 5128 Deus
606 5071 794 5142 intelligibilis
809 5073 868 5135 lux,
886 5071 914 5125 in
928 5086 999 5141 quc,
1015 5082 1043 5125 et
1057 5085 1073 5122 a
1087 5083 1158 5139 quo,
1173 5078 1201 5122 et
1215 5080 1365 5138 perquem
1382 5062 1598 5133 intelligibiliter
1612 5061 1721 5125 lucent,

389 5180 464 5234 quae
480 5162 695 5233 intelligibiliter
711 5163 808 5217 lucent
822 5160 932 5215 omnia.
949 5158 1087 5229 Soliloq„
1105 5174 1123 5222 t,
1144 5173 1165 5210 r.

478 5254 487 5286 ¹
508 5252 578 5325 Voy.
597 5269 624 5324 p.
642 5268 717 5306 cxxi.

1585 5366 1612 5409 ¹7
