4872 6552
989 896 1195 981 ..73-

424 1100 532 1152 autem
549 1089 737 1151 communis
751 1086 867 1171 quod¹
888 1086 993 1151 forme
1011 1099 1042 1149 et
1060 1086 1175 1169 speciei
1198 1105 1263 1149 non
1284 1098 1479 1168 generantur
1494 1104 1607 1168 perse,
1622 1096 1669 1148 est
1684 1084 1760 1167 quia

424 1194 465 1258 ad
490 1195 636 1259 neutrius
660 1196 822 1258 racionem
850 1196 985 1277 pertinet
1006 1195 1131 1277 signata
1155 1193 1289 1257 materia
1313 1212 1351 1256 ex
1374 1212 1439 1276 qua
1461 1191 1497 1255 fit
1517 1192 1684 1276 generacio
1707 1210 1761 1274 per

425 1322 468 1379 se,
491 1321 547 1385 per
566 1303 635 1365 eius
654 1302 965 1366 transmutacionem
985 1300 1024 1364 de
1045 1320 1112 1364 non
1135 1320 1203 1364 esse
1221 1300 1262 1364 ad
1282 1320 1362 1377 esse,
1383 1320 1439 1363 seu
1459 1300 1499 1363 de
1518 1300 1706 1383 priuacione
1720 1297 1761 1360 ad

425 1409 577 1473 formam.
599 1408 727 1492 Species
753 1413 890 1472 autem²
913 1408 1059 1472 humana
1085 1428 1276 1492 quanquam
1304 1426 1371 1470 non
1396 1408 1438 1470 sit
1459 1420 1609 1490 generata
1636 1427 1691 1489 per
1715 1427 1760 1484 se,

425 1530 473 1580 est
503 1529 613 1580 tamen
642 1530 790 1599 generata
823 1536 879 1599 per
906 1515 1054 1579 accidens
1082 1514 1170 1599 quod
1204 1517 1249 1578 sic
1281 1516 1442 1597 contingit
1469 1516 1495 1577 si
1525 1513 1643 1590 homo,
1679 1517 1762 1579 sicut
1791 1528 1804 1572 5

424 1624 603 1687 abstractus
625 1638 671 1688 est
693 1625 822 1687 racione
842 1623 883 1686 ab
906 1623 1102 1686 indiuiduali
1126 1624 1259 1686 materia
1281 1642 1336 1686 seu
1360 1622 1546 1697 indiuiduo,
1567 1622 1612 1684 sic
1631 1634 1661 1685 et
1680 1636 1761 1685 esset

425 1731 604 1795 abstractus
620 1733 653 1794 in
669 1751 748 1794 esse.
766 1731 875 1807 Tunc,
893 1732 975 1794 sicut
990 1751 1057 1794 non
1072 1745 1243 1814 generatur
1258 1750 1313 1814 per
1328 1750 1372 1806 se,
1389 1732 1432 1793 ita
1448 1750 1506 1792 nec
1522 1749 1577 1812 per
1591 1729 1760 1807 accidens;

425 1837 480 1902 sed
502 1839 579 1921 quia
602 1837 704 1902 homo
726 1839 759 1900 in
781 1857 850 1901 esse
871 1856 932 1900 suo
953 1850 1000 1901 est
1021 1838 1072 1900 hic
1092 1837 1204 1914 homo,
1225 1849 1363 1900 socrates
1381 1837 1432 1899 vel
1454 1836 1551 1919 plam,
1575 1850 1606 1901 et
1624 1850 1762 1900 socrates

424 1959 472 2010 est
494 1945 605 2009 homo,
631 1944 752 2009 ldcirco
773 1958 925 2028 generato
949 1957 1071 2008 socrate
1092 1956 1263 2027 generatur
1288 1958 1319 2007 et
1345 1943 1458 2020 hom0,
1481 1943 1563 2007 sicut
1585 1942 1663 2007 dicit
1685 1945 1763 2007 aris-

424 2054 536 2118 toteles
557 2054 618 2117 vii0
640 2053 870 2136 metaphysica,
892 2053 981 2136 quod
1002 2071 1160 2135 generans
1182 2072 1296 2115 eneam
1319 2071 1445 2135 speram
1469 2066 1600 2134 generat
1621 2071 1761 2134 speram,
1794 2075 1824 2107 10

424 2163 501 2245 quia
523 2180 601 2224 enea
623 2180 715 2243 spera
736 2180 828 2243 spera
849 2173 907 2224 est.
930 2160 969 2224 Et
987 2160 1065 2242 quia
1086 2161 1168 2224 sicut
1188 2174 1325 2224 socrates
1344 2175 1391 2224 est
1413 2160 1525 2235 homo,
1547 2160 1589 2223 ita
1609 2173 1640 2223 et
1661 2159 1761 2243 plat0,

425 2282 455 2332 et
470 2270 516 2331 sic
529 2269 568 2331 de
583 2267 666 2330 aliis.
690 2267 776 2331 Hinc
791 2266 940 2351 estquod
959 2268 1060 2331 homo
1073 2281 1244 2350 generatur
1259 2287 1315 2351 per
1328 2269 1573 2351 generacionem
1589 2266 1763 2330 cuiuslibet

425 2375 603 2451 indiuidui,
627 2388 659 2438 et
683 2394 749 2438 non
773 2376 873 2438 vnius
895 2375 1100 2439 determinati
1124 2389 1264 2439 tantum.
1291 2375 1345 2439 Sic
1368 2376 1476 2458 igitur,
1500 2395 1540 2439 ex
1564 2376 1627 2438 iarn
1655 2374 1761 2450 dictis,

426 2494 511 2566 patet
542 2482 681 2566 qualiter
708 2482 829 2565 species
858 2482 1004 2546 humana
1033 2484 1167 2565 ponitur
1194 2503 1213 2545 a
1243 2482 1446 2566 philosophis
1480 2484 1698 2566 sempiterna;
1731 2494 1762 2546 et

427 2590 664 2654 nichilominus
682 2603 823 2652 causata.
841 2589 916 2653 Non
937 2591 1026 2653 enim
1047 2590 1104 2666 sic,
1120 2591 1197 2672 quia
1212 2590 1368 2653 abstracte
1386 2590 1428 2653 ab
1448 2589 1630 2653 indiuiduis
1649 2591 1763 2655 existat
1794 2599 1822 2643 1⁵

425 2700 634 2780 sempiterna,
654 2696 741 2759 sed³
766 2698 811 2759 sic
838 2710 979 2760 causata.
1001 2695 1068 2760 Nec
1093 2699 1195 2760 eciam
1225 2699 1421 2780 sempiterna
1450 2710 1496 2760 est
1523 2712 1665 2774 causata,
1685 2699 1762 2780 quia

425 2805 539 2868 existat
561 2805 594 2866 in
609 2803 721 2887 aliquo
745 2803 917 2867 individuo
939 2805 995 2887 [74
1013 2803 1075 2867 col.
1093 2805 1137 2887 a]
1159 2806 1357 2887 sempiterno
1376 2818 1519 2881 causam,
1536 2806 1618 2868 sicut
1642 2806 1761 2887 species

425 2911 496 2988 celi,
521 2911 571 2975 vel
605 2909 833 2993 intelligencie,
859 2910 913 2973 sed
941 2912 1018 2993 quia
1051 2912 1086 2973 in
1121 2911 1303 2974 indiuiduis
1336 2911 1481 2975 humane
1512 2913 1627 2995 speciei
1656 2932 1760 2974 vnum

423 3031 595 3104 generatur
614 3032 689 3081 ante
703 3016 792 3080 aliud
814 3018 847 3079 in
868 3020 1118 3101 sempiternum,
1134 3032 1164 3082 et
1183 3020 1304 3102 species
1324 3019 1421 3083 habet
1434 3040 1503 3083 esse
1517 3033 1548 3083 et
1561 3021 1685 3083 causari
1708 3039 1762 3102 per

425 3147 505 3203 esse,
520 3140 552 3190 et
565 3128 791 3190 causacionem
807 3126 981 3190 cuiuslibet
1000 3126 1176 3189 indiuidui.
1194 3126 1281 3190 Hinc
1300 3141 1346 3191 est
1365 3128 1453 3209 quod
1474 3128 1594 3210 species
1614 3126 1761 3190 humana
1791 3146 1823 3178 20

425 3234 605 3298 secundum
631 3232 856 3316 philosophos,
879 3254 1007 3317 semper
1029 3247 1088 3310 est,
1115 3253 1173 3297 nec
1196 3254 1264 3297 esse
1289 3236 1420 3317 incepit,
1442 3255 1517 3298 cum
1542 3235 1671 3317 penitus
1694 3254 1759 3297 non

425 3341 605 3426 prefuisset.
623 3341 736 3404 Dicere
757 3342 846 3405 enim
868 3341 957 3426 quod
982 3343 1050 3424 ipsa
1072 3362 1141 3405 esse
1164 3342 1329 3426 inceperit,
1345 3362 1420 3405 cum
1446 3344 1576 3426 penitus
1601 3362 1667 3406 non
1694 3363 1762 3426 pre·

426 3448 549 3525 fuisset,
567 3463 614 3512 est
628 3448 732 3512 dicere
746 3448 834 3533 quod
850 3448 982 3532 aliquod
1003 3451 1072 3512 eius
1091 3449 1302 3513 indiuiduum
1324 3470 1391 3513 esse
1412 3451 1577 3533 inceperit,
1597 3463 1654 3514 aut
1672 3450 1760 3534 quod

426 3576 492 3619 non
514 3556 611 3620 fuerit
625 3556 758 3638 aliquod
777 3555 989 3619 indiuiduum
1007 3556 1094 3619 illius
1115 3558 1241 3639 speciei.
1261 3557 1370 3621 Eciarn
1386 3577 1461 3621 cum
1478 3560 1598 3640 species
1615 3558 1760 3621 humana

426 3683 493 3726 non
520 3663 612 3727 aliter
636 3677 765 3727 causata
795 3665 847 3739 sit,
869 3663 1049 3726 secundum
1082 3664 1305 3747 philosophos,
1332 3665 1394 3727 nisi
1423 3666 1500 3748 quia
1528 3679 1677 3748 generata
1705 3686 1762 3748 per
1790 3671 1822 3715 2⁵

424 3771 665 3853 generationem
689 3769 853 3833 indiuidui
876 3785 951 3834 ante
974 3770 1185 3834 indiuiduum
1209 3772 1278 3855 ipsa
1297 3792 1365 3835 esse
1387 3774 1519 3856 incepit,
1534 3793 1610 3836 cum
1632 3775 1761 3836 vniuer-

425 3877 533 3940 saliter
553 3897 652 3941 omne
672 3892 861 3961 generatum
883 3897 952 3941 esse
975 3879 1120 3961 incipiat,
1141 3880 1255 3962 incipit
1276 3892 1385 3942 tamen
1411 3900 1479 3943 esse
1502 3900 1576 3943 cum
1602 3886 1710 3945 esset⁴
1730 3897 1761 3946 et

426 3984 606 4069 prefuisset.
632 3985 742 4049 llomo
763 3987 852 4049 enim
877 4006 943 4049 non
967 3987 1081 4070 incipit
1105 4006 1173 4050 esse
1198 4007 1253 4070 per
1275 3990 1521 4070 generacionem
1547 3992 1691 4067 socratis,
1714 4006 1761 4056 est

424 4104 533 4154 tamen
558 4110 613 4172 per
632 4110 701 4154 esse
725 4090 865 4173 platonis
892 4093 981 4174 prius
1003 4095 1157 4175 generati.
1183 4093 1245 4157 lsta
1268 4094 1357 4157 enim
1382 4095 1464 4157 circa
1486 4095 1667 4159 vniversale
1692 4116 1759 4160 non

425 4212 618 4281 repugnant,
635 4199 680 4262 sic
703 4218 761 4262 nec
781 4200 864 4262 circa
889 4200 1058 4263 hominem
1082 4220 1208 4266 currere
1229 4216 1260 4265 et
1282 4221 1349 4265 non
1371 4221 1507 4267 currere.
1527 4203 1634 4266 lmmo
1660 4203 1760 4268 homo
1789 4207 1821 4250 30

424 4306 522 4369 currit
543 4325 598 4388 per
613 4320 782 4384 socratem,
798 4321 829 4371 et
849 4326 914 4370 non
938 4327 992 4391 per
1012 4308 1190 4391 platonem.
1209 4308 1255 4371 Ex
1274 4329 1341 4392 quo
1362 4322 1471 4373 tamen
1492 4325 1629 4374 socrates
1648 4314 1758 4389 currit,

426 4431 492 4475 non
517 4426 564 4476 est
585 4433 698 4477 verum
721 4414 824 4477 dicere
846 4414 934 4499 quod
958 4414 1059 4479 homo
1082 4417 1211 4498 penitus
1232 4415 1282 4479 vel
1305 4416 1529 4480 uniuersaliter
1552 4438 1618 4481 non
1641 4434 1757 4484 currat.

426 4519 479 4582 Sic
498 4521 613 4597 eciam,
629 4523 782 4603 quamuis
806 4536 927 4586 socrate
950 4535 1113 4606 generato,
1130 4524 1230 4587 homo
1249 4543 1317 4587 esse
1337 4525 1482 4607 incipiat,
1500 4544 1567 4588 non
1587 4540 1634 4589 est
1655 4525 1760 4590 dicere

424 4626 512 4709 quod
528 4628 574 4690 sic
588 4629 723 4710 incipiat
736 4628 825 4712 quod
842 4631 971 4712 penitus
987 4650 1054 4693 non
1070 4631 1250 4713 prefuisset.

506 4869 515 4900 ¹
530 4869 572 4923 Le
591 4885 643 4923 ms.
655 4870 743 4941 place
760 4870 840 4942 quod
860 4873 947 4942 apres
964 4871 1079 4946 speciei.
1095 4905 1128 4912 -
1146 4872 1303 4949 ’Manque
1316 4873 1390 4931 dans
1409 4875 1437 4932 le
1456 4892 1507 4933 ms.
1531 4909 1564 4916 -
1582 4877 1593 4909 ³
1612 4876 1658 4933 lls
1671 4902 1706 4922 =
1720 4889 1757 4934 et.

425 4990 458 5003 ’-
478 4958 488 4989 ⁴
508 4959 553 5019 us
566 4985 601 5004 =
613 4975 684 5019 esse.
1397 4978 1400 4981 ’
