4906 6542
705 880 767 933 [ΧΠ

704 1080 848 1167 oppose,
871 1079 1049 1169 Godefroy
1066 1083 1126 1148 des
1145 1081 1348 1162 FontaineS,
1367 1083 1443 1169 qui,
1461 1080 1480 1148 a
1497 1082 1578 1170 plus
1597 1078 1683 1149 d'un
1706 1082 1797 1163 titre,
1820 1082 1873 1150 lut
1893 1082 2037 1151 l'adver-

704 1195 793 1261 saire
818 1198 860 1262 de
885 1196 1049 1263 Thomas
1073 1197 1244 1284 d'llquin,
1274 1219 1365 1264 nous
1393 1197 1454 1265 fait
1478 1213 1566 1265 cette
1591 1197 1834 1266 declaration:
1860 1223 1880 1262 «
1905 1200 2037 1287 Malgre

704 1310 734 1377 le
763 1327 897 1400 respect
924 1334 993 1400 que
1017 1315 1049 1401 je
1078 1314 1155 1380 dois
1182 1316 1203 1379 a
1230 1314 1383 1381 certains
1408 1317 1585 1394 docteurs,
1615 1314 1647 1381 la
1675 1315 1835 1382 doctrine
1863 1317 1905 1382 de
1933 1317 2037 1383 Frere

702 1427 877 1508 Thomas,
904 1429 923 1493 a
949 1443 1027 1516 part
1053 1429 1084 1496 la
1110 1430 1270 1496 doctrine
1298 1431 1359 1496 des
1387 1430 1497 1496 saints
1522 1444 1556 1496 et
1581 1432 1622 1497 de
1648 1452 1736 1498 ceux
1763 1432 1873 1518 qu'on
1902 1430 2037 1518 altegue

701 1563 842 1609 comme
872 1546 1054 1625 autoriteS,
1085 1545 1268 1633 l'emporte
1296 1567 1358 1612 sur
1387 1546 1436 1613 les
1463 1562 1581 1613 autres
1610 1568 1673 1634 par
1700 1568 1765 1613 son
1796 1546 1908 1614 utilite
1937 1561 1970 1613 et
1999 1568 2036 1613 sa

701 1660 835 1725 valeur.
869 1661 961 1728 C'est
988 1663 1008 1727 a
1036 1663 1186 1729 l’auteur
1212 1663 1319 1728 d'une
1348 1663 1540 1729 semblable
1568 1662 1728 1729 doctrine
1756 1684 1825 1750 que
1854 1662 1923 1730 l'on
1954 1678 2037 1750 peut

701 1776 888 1864 appliquer
905 1778 1154 1865 specialement
1174 1779 1206 1845 la
1226 1779 1345 1866 parole
1366 1778 1436 1844 dite
1455 1801 1525 1845 aux
1545 1781 1684 1866 apdtres
1702 1800 1765 1866 par
1785 1780 1815 1845 le
1836 1780 2034 1867 Seigneur:

706 1895 758 1958 Τιι
776 1914 810 1958 es
828 1895 859 1960 le
874 1896 924 1959 sel
940 1895 983 1960 de
1000 1896 1035 1960 la
1054 1904 1158 1971 terre,
1181 1904 1213 1960 et
1232 1896 1265 1961 si
1282 1896 1312 1961 le
1327 1896 1378 1961 sel
1396 1895 1572 1982 s’offadit,
1591 1917 1674 1963 avec
1690 1896 1775 1983 quoi
1790 1897 2003 1963 solere-ton
2018 1897 2037 1960 Ρ

701 2010 797 2075 Cette
817 2011 989 2091 doctrine,
1011 2032 1054 2077 en
1075 2010 1167 2090 effet,
1190 2026 1259 2077 sert
1279 2013 1321 2078 de
1341 2011 1508 2078 correctif
1524 2013 1543 2077 a
1563 2012 1666 2079 celles
1686 2014 1727 2078 de
1748 2027 1829 2079 tous
1850 2013 1898 2078 les
1917 2027 2035 2079 autres
2053 2017 2057 2024 “

700 2125 885 2209 docteurs;
917 2127 982 2193 elle
1013 2127 1061 2193 les
1093 2128 1177 2192 rend
1211 2128 1348 2213 sapides
1378 2143 1412 2194 et
1441 2128 1676 2194 succulentes.
1709 2128 1744 2194 Si
1776 2128 1839 2194 elle
1871 2129 1988 2194 venait
2015 2130 2035 2194 al

700 2241 920 2329 disparaltre,
940 2242 989 2308 les
1005 2244 1183 2309 etudiants
1201 2243 1441 2310 trouveraient
1458 2244 1604 2311 ailleurs
1624 2245 1704 2310 bien
1726 2266 1792 2332 peu
1811 2246 1853 2310 de
1870 2248 1956 2332 gotlt
1972 2271 1992 2308 »
2010 2250 2032 2309 1.

790 2359 837 2424 Le
861 2360 1006 2446 progres
1031 2361 1150 2447 rapide
1174 2360 1217 2425 de
1240 2360 1379 2427 l’action
1406 2360 1601 2426 doctrinale
1624 2360 1782 2427 d'Albett
1806 2361 1836 2426 le
1857 2361 1979 2427 Grand
2002 2376 2036 2426 et

700 2474 742 2538 de
759 2474 922 2541 Thomas
939 2475 1109 2562 d'hquin,
1129 2475 1234 2541 n'alla
1256 2497 1318 2563 pas
1340 2497 1422 2542 sans
1444 2476 1632 2542 difficultes
1654 2491 1687 2542 et
1708 2497 1790 2542 sans
1814 2476 2032 2543 resistances

702 2591 767 2655 Les
791 2590 883 2656 idees
909 2592 1095 2678 regnantes
1121 2594 1163 2658 de
1189 2592 1266 2657 leur
1290 2606 1417 2680 temps,
1444 2592 1476 2658 la
1502 2590 1694 2659 formation
1721 2592 1967 2659 intellectuelle
1993 2594 2035 2659 de

702 2708 844 2773 maltres
868 2708 945 2795 deja
967 2709 1118 2774 avances
1139 2730 1181 2773 en
1207 2709 1282 2796 age,
1305 2709 1438 2797 l'esprit
1461 2710 1503 2774 de
1528 2709 1663 2775 rivalite
1687 2722 1786 2775 entre
1811 2709 1859 2776 les
1882 2730 2034 2797 groupes

699 2837 732 2887 et
759 2822 807 2888 les
832 2824 1070 2903 collectivites,
1097 2825 1145 2890 les
1170 2824 1399 2892 inclinations
1425 2827 1467 2891 de
1491 2825 1750 2912 temperament
1772 2826 1833 2912 qui
1859 2826 2035 2912 portaient

700 2938 748 3004 les
779 2939 876 3005 ames
909 2941 1106 3027 mystiques
1130 2962 1208 3007 vers
1240 2941 1446 3007 l'idealisme
1472 2941 1686 3028 platonicien
1717 2942 1759 3007 de
1788 2940 1988 3029 preference
2014 2942 2034 3006 a

699 3054 1030 3122 l'intellectualisme
1054 3070 1087 3122 et
1109 3077 1153 3122 au
1181 3056 1373 3125 criticisme
1397 3057 1660 3136 aristotelicien,
1687 3056 1785 3123 enlin
1812 3071 1899 3124 cette
1922 3079 2034 3145 vague

699 3170 886 3256 puissance
924 3174 965 3238 de
1007 3173 1285 3239 conservatisme
1327 3174 1489 3261 toujours
1527 3174 1654 3239 latente
1692 3175 1782 3239 dans
1821 3195 1869 3239 un
1910 3173 2031 3240 milieu

698 3286 830 3367 donne,
863 3302 940 3354 tout
970 3289 1043 3355 cela
1074 3302 1168 3355 tenta
1199 3290 1397 3369 d'amortir,
1429 3290 1510 3377 puis
1538 3292 1580 3356 de
1610 3289 1774 3369 refouler,
1807 3311 1856 3356 un
1888 3291 2033 3377 progres

697 3402 786 3469 dont
811 3417 886 3470 tout
910 3404 941 3471 le
965 3406 1097 3471 monde
1122 3405 1253 3471 n’avait
1278 3406 1313 3471 ni
1338 3406 1598 3493 l'intelligence,
1626 3406 1660 3471 ni
1686 3405 1717 3471 le
1740 3408 1837 3493 gotlt.

789 3521 840 3585 En
866 3520 997 3587 dehors
1017 3522 1060 3587 de
1085 3521 1115 3587 la
1138 3521 1311 3588 direction
1337 3522 1518 3602 thomiste,
1545 3522 1695 3609 puisque
1718 3522 1800 3589 c'est
1825 3523 1855 3588 le
1881 3543 1963 3587 nom
1989 3524 2032 3589 de

696 3634 860 3702 Thomas
889 3637 1045 3725 d'Aquin
1077 3638 1139 3724 qui
1171 3654 1222 3705 est
1252 3638 1419 3705 demeure
1449 3639 1587 3705 attache
1615 3640 1634 3703 a
1663 3638 1808 3705 l'oeuvre
1838 3659 2032 3705 commune

697 3752 744 3818 du
775 3754 900 3818 maltre
928 3768 960 3818 et
988 3754 1035 3818 du
1065 3753 1223 3841 disciple‚
1255 3753 1284 3819 le
1315 3770 1545 3821 mouvement
1573 3754 1747 3821 doctrinal
1778 3769 1829 3820 est
1856 3754 2031 3821 constitue

697 3889 760 3954 par
780 3868 981 3936 l'influence
1001 3868 1129 3936 diffuse
1149 3885 1182 3935 et
1198 3891 1265 3957 peu
1284 3869 1483 3958 homogene
1500 3871 1543 3937 de
1561 3870 1856 3958 l'augustinisme,
1876 3873 2031 3938 embras-

672 3998 777 4077 ‚sant
797 3986 817 4050 a
839 3985 871 4050 la
892 3983 959 4051 fois
980 3985 1028 4052 les
1046 3985 1161 4052 theses
1178 3986 1403 4073 principales,
1423 4008 1528 4073 pures
1549 4008 1595 4053 ou
1619 3987 1789 4074 mitigees,
1808 3988 1850 4053 de
1869 3987 1899 4054 la
1917 3987 2031 4075 philo·

697 4101 820 4187 sophie
838 4101 1100 4188 platonicienne
1117 4115 1150 4168 et
1167 4102 1198 4168 la
1216 4102 1446 4190 dogmatique
1466 4102 1623 4169 elaboree
1644 4124 1707 4189 par
1727 4104 1820 4169 saint
1837 4104 2028 4190 Augustin.

787 4344 794 4374 ¹
814 4343 898 4397 Salva
924 4343 1079 4399 reverentia
1103 4344 1270 4415 aliquorum
1296 4344 1468 4409 Doctorum,
1492 4357 1609 4416 excepta
1633 4345 1766 4400 doctrina
1790 4344 1977 4409 Sanctorum,
2003 4358 2031 4400 et

695 4449 796 4488 eorum
821 4449 949 4503 quorum
973 4433 1050 4488 dicta
1075 4450 1126 4504 pro
1149 4433 1372 4488 auctoritatibus
1395 4435 1565 4503 allegantur,
1595 4435 1739 4505 praedicta
1763 4434 1896 4489 doctrina
1922 4434 2030 4506 [fratris

695 4522 841 4595 Thomae]
860 4523 934 4577 inter
950 4535 1075 4577 caeteras
1094 4522 1208 4577 videtur
1229 4523 1327 4577 utilior
1345 4535 1372 4577 et
1393 4523 1564 4578 laudabilior
1584 4523 1754 4593 reputanda,
1777 4536 1809 4578 ut
1828 4539 1893 4577 vere
1912 4523 2029 4578 Doctori

695 4611 746 4681 qui
767 4613 840 4665 hanc
859 4611 1023 4666 doctrinam
1043 4611 1168 4682 scripsit,
1190 4612 1281 4683 possit
1301 4612 1357 4666 dici
1378 4612 1405 4666 in
1427 4612 1565 4682 singulari
1585 4613 1670 4666 etiam
1691 4612 1763 4667 illud
1782 4613 1863 4682 quod
1884 4613 2029 4668 Dominus

694 4699 767 4754 dixit
787 4699 815 4753 in
836 4700 938 4770 plurali
959 4700 1108 4771 Apostolis
1128 4701 1220 4767 (llatt.
1241 4702 1279 4772 v),
1301 4701 1431 4755 videlicet
1458 4702 1513 4755 Vos
1531 4701 1601 4755 estis
1619 4703 1666 4755 sal
1684 4709 1792 4766 terroe,
1815 4709 1881 4766 etc„
1902 4703 2029 4756 subhac

696 4788 789 4843 forma
809 4805 814 4842 :
841 4789 887 4842 Tu
908 4807 937 4843 es
954 4790 1000 4843 sal
1021 4798 1129 4853 terrae,
1143 4790 1227 4861 'quod
1243 4791 1271 4844 si
1287 4791 1333 4844 sal
1353 4791 1517 4855 evanuerit,
1539 4791 1568 4844 in
1589 4809 1645 4863 quo
1662 4791 1818 4845 salietur?
1841 4791 1916 4859 Quia
1936 4807 2030 4862 perca

694 4895 769 4948 quae
793 4879 820 4932 in
846 4880 898 4933 hac
919 4878 1051 4933 doctrina
1073 4880 1262 4935 continentur
1283 4879 1368 4950 quasi
1393 4880 1528 4934 omnium
1554 4879 1709 4935 doctorum
1732 4880 1857 4935 aliorum
1881 4879 2030 4935 doctrinae

695 4968 890 5037 corriguntur,
911 4968 1027 5040 sapidae
1043 4968 1205 5023 redduntur
1222 4981 1249 5023 et
1267 4969 1458 5024 condiuntur.
1477 4969 1512 5024 Et
1527 4968 1601 5033 iden,
1622 4969 1645 5024 si
1665 4970 1719 5024 ista
1733 4969 1867 5025 doctrina
1881 4970 1916 5024 de
1932 4969 2029 5024 medio

694 5057 864 5122 auferretur,
888 5057 1038 5112 studentes
1059 5058 1087 5112 in
1107 5057 1248 5113 doctrinis
1268 5058 1391 5113 aliorum
1413 5074 1546 5129 saporem
1569 5058 1721 5113 modicum
1745 5046 1916 5114 invenirent.
1940 5060 2029 5113 D’An-

694 5149 814 5211 cunrat,
833 5146 976 5201 Collectio
986 5146 1173 5217 judiciorum
1188 5146 1225 5201 de
1238 5147 1322 5201 tzovt's
1335 5147 1499 5212 erroribus,
1516 5148 1606 5218 Paris,
1624 5149 1699 5219 1728,
1716 5160 1735 5203 t.
1754 5148 1774 5214 Ι,
1791 5165 1818 5220 p.
1835 5149 1896 5205 215.
