4872 6552
1242 864 1448 930 -50-

674 1067 840 1136 ponantur
862 1066 1028 1118 coactuata
1053 1072 1158 1137 genus
1184 1067 1215 1118 et
1237 1052 1437 1130 differeneia,
1463 1053 1506 1118 ita
1529 1052 1631 1138 quod,
1655 1053 1729 1119 lieet
1753 1073 1856 1138 genus
1881 1074 1948 1119 non
1972 1057 2014 1120 sit

673 1161 745 1223 sine
763 1160 963 1236 differencia,
983 1174 1031 1224 est
1049 1175 1159 1225 tamen
1179 1160 1277 1225 altera
1298 1173 1413 1224 natura
1428 1180 1446 1224 a
1461 1159 1661 1237 differencia,
1682 1161 1767 1225 idem
1789 1161 1910 1225 accidet
1924 1162 2013 1245 quod

673 1268 789 1332 accidit
804 1268 940 1350 platoni.
958 1267 1054 1331 Vnde
1071 1270 1173 1350 magis
1192 1271 1204 1311 1
1221 1281 1353 1350 peccant
1366 1287 1466 1352 quam
1481 1268 1614 1331 credant
1634 1282 1791 1350 ponentes
1810 1268 1889 1332 tales
1910 1282 2012 1351 partes

673 1374 841 1438 distinctas
861 1375 894 1436 in
916 1374 1033 1449 forma,
1054 1376 1131 1457 quia
1150 1374 1265 1439 accidit
1284 1375 1330 1437 eis
1345 1375 1422 1437 acsi
1438 1376 1569 1438 asinum
1590 1374 1696 1439 forma
1715 1377 1790 1458 equi
1811 1375 2009 1458 perficerent.

630 1499 643 1543 5
755 1481 794 1544 Et
814 1481 962 1544 mirabile
981 1495 1028 1545 est
1046 1481 1133 1544 vnde
1153 1481 1330 1563 pullulauit
1348 1482 1407 1545 ista
1426 1482 1552 1565 opinio,
1572 1501 1647 1545 cum
1669 1481 1782 1545 nullus
1802 1482 2013 1566 philosopho·

674 1608 746 1650 rum
766 1588 915 1651 uideatur
933 1607 1004 1651 eam
1026 1590 1184 1671 posuisse,
1205 1589 1282 1673 quia
1303 1587 1519 1670 philosophus
1538 1589 1600 1669 vij⁰
1620 1589 1850 1672 metaphysice,
1870 1590 2013 1672 capitulo

672 1695 712 1758 de
731 1696 853 1758 vnitate
872 1693 1099 1769 diffinicioniS,
1115 1696 1209 1778 ponit
1227 1694 1465 1758 diffinicionem
1486 1715 1555 1758 esse
1574 1695 1707 1778 aliquod
1727 1716 1846 1772 vnum,
1866 1716 1905 1760 eo
1924 1697 2013 1780 quod

672 1822 863 1885 quanquam
892 1802 925 1864 in
952 1801 1153 1866 diffinicione
1179 1803 1245 1866 sint
1272 1802 1364 1885 plura
1392 1803 1425 1864 in
1452 1803 1532 1885 quid
1560 1802 1779 1886 predicabilia,
1806 1803 1846 1866 de
1871 1803 2012 1868 diffinito

672 1923 782 1973 tamen
807 1909 921 1972 omnia
945 1908 1000 1972 illa
1026 1907 1151 1972 realiter
1173 1910 1206 1971 in
1233 1910 1304 1991 ipso
1325 1908 1467 1973 diffinito
1488 1921 1520 1973 et
1541 1910 1575 1972 in
1597 1910 1734 1973 essendo
1758 1929 1824 1973 non
1849 1924 1928 1973 sunt
1949 1911 2011 1973 nisi

614 2048 643 2079 ιο
672 2016 788 2080 ultima
807 2016 990 2079 dill'erentia
1009 2036 1084 2098 que,
1108 2036 1183 2079 cum
1207 2017 1248 2079 sit
1266 2036 1332 2079 vna
1354 2029 1469 2080 natura
1491 2030 1522 2080 et
1540 2015 1711 2091 diffinicio,
1732 2016 1893 2100 significat
1912 2037 2010 2080 vnam

674 2137 835 2187 naturam.
864 2123 960 2186 Vnde
983 2123 1058 2187 licet
1084 2123 1176 2206 plura
1201 2143 1265 2206 que
1290 2125 1322 2185 in
1349 2123 1553 2188 diffinicione
1576 2123 1784 2206 predicabilia
1807 2123 1847 2186 de
1870 2123 2012 2187 diffinito

673 2232 796 2294 ratione
818 2232 884 2294 sint
902 2230 1067 2306 distincta,
1091 2250 1159 2293 non
1181 2244 1291 2293 tamen
1315 2231 1348 2292 in
1370 2230 1520 2307 essendo,
1542 2250 1618 2294 curn
1640 2230 1799 2295 diffinicio
1820 2243 1949 2295 tantum
1971 2231 2012 2294 sit

672 2337 797 2401 realiter
818 2357 856 2400 ex
880 2338 997 2400 ultima
1020 2336 1214 2400 differentia.
1242 2337 1338 2400 Vnde
1360 2351 1391 2401 et
1414 2352 1652 2402 commentator
1676 2338 1797 2401 ibidem
1822 2338 1899 2401 dicit
1923 2339 2011 2421 quod

672 2445 805 2528 illaque
825 2459 903 2508 sunt
922 2447 955 2507 in
972 2444 1175 2509 diffinicione
1193 2458 1269 2508 ante
1289 2444 1439 2508 ultimam
1460 2444 1682 2508 differenciam
1703 2465 1771 2509 non
1792 2460 1869 2510 sunt
1886 2445 2011 2528 aliquid

614 2573 642 2617 ιε
673 2554 706 2614 in
736 2567 808 2616 actu
839 2557 851 2596 ²
879 2553 1017 2615 alterum
1047 2572 1064 2614 a
1093 2551 1280 2616 differencia
1314 2567 1402 2616 extra
1435 2554 1595 2616 animam.
1628 2552 1667 2616 Et
1697 2553 1763 2635 ipse
1792 2552 1878 2615 idem
1908 2554 2010 2615 eciam

671 2672 921 2736 commentator,
938 2660 1036 2723 tercio
1057 2659 1287 2743 metaphysice,
1302 2679 1377 2722 cum
1394 2660 1500 2743 querit
1514 2659 1690 2723 aristoteles
1710 2673 1820 2722 utrum
1841 2659 1935 2742 plura
1950 2679 2012 2742 que

673 2768 705 2829 in
722 2766 925 2830 diffinicione
944 2768 1009 2831 sint
1029 2780 1133 2850 partes
1151 2769 1195 2831 rei
1210 2767 1361 2844 diffinite,
1377 2769 1482 2850 arguit
1495 2767 1584 2850 quod
1604 2769 1650 2830 sic
1660 2787 1669 2844 ;
1686 2768 1763 2852 quia
1779 2787 1827 2830 res
1842 2769 1941 2830 scitur
1956 2786 2012 2850 per

672 2893 765 2937 suam
791 2875 943 2956 speciem,
966 2887 996 2938 et
1021 2875 1141 2956 species
1166 2894 1222 2957 per
1240 2873 1491 2950 diffinicionem,
1514 2887 1545 2938 et
1566 2873 1725 2938 diffinicio
1749 2886 1796 2937 est
1820 2893 1876 2956 per
1894 2893 2011 2957 genera

672 2980 883 3045 uniuersalia.
909 2980 1035 3045 Genera
1059 3001 1133 3064 ergo
1158 2994 1234 3045 sunt
1261 2995 1366 3066 partes
1388 2983 1444 3045 rei.
1470 2981 1535 3045 Vbi
1560 2981 1638 3045 dicit
1663 2994 1900 3046 commentator
1923 2980 2010 3064 quod

611 3121 643 3152 20
674 3089 734 3151 hoc
758 3087 914 3150 accideret
938 3088 1025 3170 quod
1053 3090 1210 3171 arguitur,
1236 3091 1262 3151 si
1291 3089 1450 3172 principia
1477 3088 1693 3172 cognoscendi
1721 3101 1828 3152 essent
1854 3089 2012 3171 principia

671 3194 798 3258 essendi
813 3196 923 3257 etiam.
942 3193 979 3257 ln
994 3215 1061 3278 quo
1077 3195 1149 3258 uult
1163 3196 1251 3278 quod
1268 3195 1476 3278 predicabilia
1493 3197 1525 3257 in
1541 3195 1621 3278 quid
1636 3195 1676 3259 de
1689 3194 1844 3271 diffinito,
1857 3195 2011 3278 quamuis

672 3303 738 3365 sint
760 3302 919 3385 principia
940 3302 1156 3385 cognoscendi
1180 3317 1210 3366 et
1232 3304 1378 3378 rationis,
1403 3323 1470 3366 non
1493 3317 1602 3366 tamen
1628 3316 1706 3365 sunt
1726 3305 1739 3346 ⁸
1761 3316 1865 3385 partes
1890 3303 1946 3364 rei.
1973 3301 2012 3364 Et

673 3409 803 3485 iterum,
820 3408 892 3472 uult
916 3430 936 3471 x
962 3409 1193 3492 metaphysice,
1214 3409 1303 3492 quod
1322 3409 1510 3473 differencie
1531 3411 1563 3472 in
1585 3409 1752 3491 speciebus
1772 3424 1849 3472 sunt
1868 3408 2012 3472 subiecta

671 3517 798 3599 generis
821 3516 950 3579 diuersa
975 3517 1007 3578 in
1032 3517 1089 3580 eis.
1118 3516 1156 3579 Et
1180 3518 1311 3592 iterum,
1335 3518 1496 3580 auicenna
1519 3517 1592 3580 uult
1615 3516 1703 3599 quod
1729 3515 1916 3579 differencia
1944 3535 2010 3580 non

611 3645 642 3689 25
673 3623 763 3687 addit
782 3623 927 3706 aliquam
948 3625 1126 3686 essenciam
1142 3624 1183 3687 ad
1199 3623 1338 3687 sormam
1359 3625 1496 3707 generis.
1515 3623 1555 3687 Et
1570 3625 1700 3699 iterum,
1716 3623 1850 3706 aliquod
1865 3642 1924 3686 ens
1938 3636 2010 3686 actu

671 3745 753 3794 esset
767 3749 945 3794 commune
960 3746 1112 3813 generato
1127 3745 1158 3793 et
1172 3744 1324 3812 corrupto
1338 3731 1546 3813 generatione
1561 3731 1594 3792 in
1611 3730 1804 3793 substantia.

754 3837 898 3900 Preterea
925 3838 1057 3900 materia
1085 3857 1151 3901 non
1179 3850 1261 3900 esset
1288 3836 1432 3918 probata.
1462 3837 1621 3900 Probatur
1647 3837 1718 3920 [54,
1743 3836 1805 3900 col.
1831 3837 1874 3919 a]
1901 3849 2009 3900 autern

674 3945 808 4007 materia
829 3946 934 4027 prima
955 3963 1010 4027 per
1024 3945 1352 4019 transmutacionem,
1367 3962 1405 4008 eo
1421 3943 1571 4008 uidelicet
1585 3945 1674 4026 quod
1694 3943 1826 4026 aliquod
1842 3962 1900 4006 ens
1920 3957 2012 4007 natu·

674 4050 739 4115 rale
753 4052 914 4133 contingit
928 4052 1139 4114 transmutari
1155 4050 1196 4114 ab
1211 4051 1303 4114 omni
1319 4050 1450 4114 entitate
1465 4071 1564 4134 quam
1582 4051 1691 4128 habet,
1706 4064 1736 4114 et
1751 4052 2012 4115 transmutacio⁴

611 4182 643 4225 30
673 4171 720 4221 est
736 4159 768 4220 in
787 4159 918 4221 materie
938 4157 1102 4235 subiect03
1120 4170 1150 4220 et
1165 4157 1247 4220 illud
1267 4157 1450 4221 subiectum
1472 4177 1539 4221 non
1560 4170 1663 4240 potest
1678 4178 1746 4222 esse
1760 4177 1818 4221 ens
1833 4172 1918 4233 actu,
1934 4159 2012 4241 quia

672 4278 751 4328 tunc
771 4265 852 4328 illud
872 4285 931 4328 ens
951 4265 1096 4329 naturale
1118 4285 1183 4328 non
1204 4278 1476 4329 transmutaretur
1490 4265 1531 4327 ab
1550 4266 1642 4328 omni
1663 4266 1796 4329 entitate
1814 4267 1884 4328 eius
1896 4286 1905 4342 ;
1921 4279 1952 4328 et
1966 4267 2012 4328 sic

672 4372 892 4448 conuincitur,
916 4373 950 4434 in
971 4371 1214 4454 generabilibus
1237 4385 1268 4434 et
1287 4371 1566 4454 corruptibilibus,
1586 4392 1655 4435 esse
1680 4387 1829 4435 naturam
1849 4374 1862 4414 ⁶
1883 4392 1946 4455 que
1964 4386 2012 4436 est

673 4480 706 4540 in
729 4479 871 4562 potentia
892 4479 1074 4542 subiectum
1095 4499 1274 4543 commune
1294 4479 1398 4543 forme
1421 4498 1527 4542 rerum
1553 4479 1751 4543 naturalium
1775 4480 2010 4562 generabilium

672 4600 704 4650 et
721 4586 996 4670 corruptibilium.
1019 4587 1082 4650 Sed
1103 4586 1161 4650 hec
1184 4600 1300 4649 natura
1320 4588 1352 4648 in
1376 4589 1517 4668 potentia
1540 4607 1606 4650 non
1631 4587 1832 4668 probaretur,
1853 4589 1879 4649 si
1899 4606 1957 4650 ens
1978 4589 2009 4649 in

612 4716 643 4761 as
672 4708 745 4757 actu
761 4708 842 4756 esset
856 4713 1034 4758 commune
1050 4693 1232 4757 subiectum
1247 4694 1465 4776 generationis
1479 4708 1510 4756 et
1524 4695 1753 4775 corruptionis.

756 4800 810 4864 Est
833 4802 930 4884 igitur
952 4800 1058 4865 forma
1077 4800 1210 4864 diffiniti
1234 4800 1386 4883 simplex,
1407 4820 1473 4864 non
1496 4802 1689 4883 composita,
1711 4814 1742 4863 et
1761 4801 1948 4865 differencia
1970 4801 2011 4864 ad

755 5044 764 5075 ¹
784 5045 829 5099 llls
846 5046 878 5114 -l
892 5043 994 5113 magis.
1014 5076 1045 5083 -
1066 5045 1076 5075 ³
1096 5045 1141 5099 Ms
1156 5070 1191 5088 =
1206 5055 1297 5100 tactu.
1314 5075 1346 5082 —
1367 5043 1378 5075 ⁸
1398 5043 1530 5115 Maiaque
1545 5043 1620 5099 dans
1635 5043 1663 5101 le
1677 5060 1730 5100 ms.
1747 5076 1779 5083 —
1800 5045 1811 5076 ⁴
1831 5045 1876 5100 Ms
1891 5049 1924 5115 -Ι-
1938 5061 2009 5100 non.

674 5162 709 5175 -
728 5132 739 5163 ⁸
759 5133 804 5188 llls
817 5158 852 5176 -
867 5144 979 5189 natura.
