4892 6540
980 843 1182 917 ²..33..

414 1060 477 1129 que
497 1045 677 1108 secundum
699 1064 732 1108 se
751 1045 855 1128 ipsam
876 1056 923 1107 est
942 1044 1123 1107 intellectus
1137 1058 1167 1107 et
1181 1059 1227 1107 est
1246 1043 1393 1125 operacio
1408 1043 1472 1105 vite
1486 1055 1516 1105 et
1530 1028 1742 1124 cognicionis

414 1152 507 1216 Talis
521 1166 628 1216 autem
649 1172 787 1235 operans
802 1165 831 1215 et
846 1172 879 1215 se
893 1153 1069 1234 cognoscit,
1085 1164 1114 1214 et
1129 1170 1211 1234 opus
1227 1171 1323 1213 suurn
1340 1165 1369 1213 et
1383 1162 1563 1232 operatum.
1586 1147 1652 1211 Scit
1670 1166 1745 1229 ergo

413 1259 486 1323 talis
509 1259 694 1323 substancia
718 1261 830 1322 omnia
854 1279 918 1341 que
941 1272 1100 1342 operatur.
1130 1257 1168 1321 Et
1193 1258 1254 1320 hoc
1279 1276 1336 1340 pro
1361 1270 1446 1320 certo
1474 1255 1743 1338 philosophorum

414 1370 576 1431 sentencia
590 1381 638 1431 est
653 1367 955 1451 perypateticorum.
971 1366 1032 1430 Sed
1045 1366 1179 1448 quidam
1196 1365 1370 1448 sophistice
1382 1364 1421 1426 de
1437 1364 1573 1426 sciencia
1586 1363 1650 1438 dei,
1663 1363 1746 1424 sicut

413 1476 452 1538 de
472 1476 608 1538 sciencia
630 1475 775 1537 hominis
793 1475 1008 1557 disputantes,
1026 1493 1092 1536 non
1113 1472 1299 1554 intelligunt
1318 1472 1402 1535 dicta
1419 1469 1703 1554 philosophorum.
1776 1484 1789 1527 5

1045 1766 1116 1850 uu

495 1956 542 2020 Ex
561 1958 606 2021 eis
626 1971 733 2021 autem
750 1977 814 2040 que
833 1975 923 2019 nunc
937 1955 1021 2019 dicta
1042 1968 1118 2018 sunt
1134 1954 1288 2037 probatur
1305 1954 1336 2016 id
1351 1954 1439 2037 quod
1455 1954 1504 2016 ,ti0
1520 1954 1660 2037 positum
1678 1966 1744 2029 est;

413 2085 452 2129 ex
473 2085 538 2149 quo
560 2066 647 2129 enim
671 2066 808 2128 sciencia
830 2064 880 2127 dei
904 2083 1010 2127 rerum
1035 2064 1187 2126 omnium
1212 2064 1245 2123 in
1268 2081 1336 2125 esse
1357 2074 1387 2124 et
1409 2061 1514 2124 forma
1536 2061 1746 2124 constitutiua

412 2187 459 2236 est
479 2192 534 2255 per
553 2173 664 2235 lumen
685 2172 773 2255 quod
794 2174 863 2253 ipsa
885 2185 943 2246 est,
964 2170 1051 2253 quod
1071 2169 1187 2252 ydeam
1208 2169 1305 2232 Stoici
1326 2169 1496 2233 vocabant.
1522 2167 1612 2231 Nihil
1635 2182 1743 2230 autern

414 2281 612 2362 principium
635 2279 835 2362 cognicionis
857 2292 903 2342 est
927 2279 988 2340 nisi
1012 2278 1043 2340 id
1064 2277 1151 2360 quod
1175 2277 1371 2360 principium
1396 2277 1643 2339 constitucionis
1665 2294 1745 2350 esse,
1778 2300 1807 2331 ιο

413 2388 495 2450 sicut
521 2387 635 2469 probat
663 2389 767 2470 prima
797 2387 978 2470 proposicio
1005 2385 1078 2448 libri
1107 2384 1327 2467 physicorum.
1359 2383 1485 2446 Lumen
1512 2395 1619 2446 autern
1649 2383 1745 2464 primi

413 2494 593 2558 intellectus
613 2494 770 2576 simplicis
785 2507 815 2557 et
829 2495 953 2576 agentis
974 2493 1171 2575 principium
1192 2493 1393 2555 constituens
1408 2466 1455 2555 es⁰t
1471 2491 1503 2552 in
1520 2509 1588 2554 esse
1603 2488 1743 2552 formali.

412 2601 565 2684 Sequitur
579 2600 668 2684 quod
683 2601 763 2664 deus
783 2600 839 2663 illo
852 2601 978 2663 lumine
992 2600 1080 2682 quod
1102 2600 1168 2682 ipse
1183 2613 1229 2661 est
1248 2599 1360 2661 omnia
1380 2610 1563 2680 cognoscat,
1578 2612 1608 2662 et
1624 2597 1686 2659 nisi
1703 2598 1745 2660 ita

411 2721 616 2791 cognosceret
638 2720 823 2791 sequeretur
842 2708 929 2790 quod
949 2706 1029 2769 deus
1048 2705 1150 2769 alium
1171 2705 1368 2768 diuiniorem
1386 2724 1418 2767 se
1435 2704 1632 2767 intellectum
1654 2702 1746 2767 intel-

412 2815 542 2898 ligendo
562 2816 704 2891 haberet,
726 2835 891 2899 perquem
912 2834 1064 2877 summus
1083 2813 1263 2876 intellectus
1283 2810 1526 2894 intelligibiliter
1545 2810 1746 2893 perficeretur
1778 2822 1805 2865 1⁵

411 2922 594 2987 adactum.
618 2922 744 3003 Quodl
764 2936 872 2986 autem
896 2922 957 2986 hoc
979 2923 1019 2985 sit
1041 2920 1243 3004 impossibile
1265 2919 1435 3001 probatum
1460 2932 1506 2982 est
1529 2919 1617 3002 [218]
1641 2919 1674 2981 in
1699 2919 1747 2980 xi0

412 3030 619 3115 philosophie
638 3030 733 3094 libro.
757 3031 810 3094 Sic
827 3050 866 3094 ex
885 3030 979 3093 dictis
1000 3030 1145 3112 sequitur
1164 3027 1261 3090 deum
1285 3026 1462 3109 intelligere
1482 3028 1594 3089 omnia
1615 3040 1646 3090 et
1667 3027 1746 3089 scire

412 3157 444 3201 se
460 3138 540 3221 ipso,
563 3136 648 3201 Cum
669 3150 777 3201 autem
795 3139 828 3200 in
844 3138 936 3201 omni
952 3136 1092 3220 eoquod
1111 3136 1317 3219 cognoscitur
1332 3153 1386 3216 per
1400 3132 1489 3196 aliud
1505 3153 1523 3195 a
1538 3153 1571 3196 se
1586 3134 1657 3216 ipso
1678 3153 1744 3197 non

411 3247 616 3327 cognoscitur
636 3246 697 3307 nisi
719 3264 774 3328 per
789 3244 821 3306 id
836 3243 923 3326 quod
944 3257 991 3307 est
1010 3262 1066 3305 sue
1085 3243 1297 3325 cognicionis,
1315 3260 1363 3304 res
1381 3253 1489 3304 autem
1510 3241 1637 3323 cognita
1656 3240 1744 3304 aliud

412 3351 452 3414 sit
466 3351 507 3414 ab
523 3352 593 3435 ipso
607 3353 806 3434 cognicionis
827 3352 999 3435 principio,
1015 3352 1160 3433 sequitur
1180 3348 1358 3412 necessario
1372 3347 1460 3431 quod
1478 3348 1510 3410 in
1525 3350 1618 3411 omni
1637 3350 1746 3431 cogni·
1775 3369 1807 3401 το

410 3458 503 3520 cione
523 3477 630 3522 rerum
652 3478 706 3540 per
724 3458 813 3522 aliud
833 3478 851 3520 a
871 3479 904 3522 se
922 3459 1139 3542 cognitarum,
1159 3456 1247 3521 aliud
1269 3458 1309 3520 sit
1327 3456 1508 3538 cognitum,
1528 3454 1617 3517 aliud
1637 3456 1746 3538 cogni-

410 3565 514 3628 cionis
530 3566 737 3648 principium.
757 3566 843 3629 Deus
857 3586 931 3648 ergo
948 3585 1061 3648 perse,
1078 3577 1113 3628 ut
1127 3564 1327 3648 cognicionis
1348 3562 1559 3645 principium,
1575 3561 1664 3626 aliud
1679 3582 1697 3624 a
1712 3581 1745 3625 se

410 3673 585 3754 cognoscit.
611 3673 784 3755 Distinguo
806 3685 914 3736 autem
938 3672 1027 3755 quod
1049 3672 1188 3756 quedam
1214 3691 1268 3755 per
1288 3668 1378 3733 aliud
1399 3689 1418 3731 a
1439 3688 1472 3732 se
1493 3683 1744 3751 cognoscuntur,

411 3791 540 3862 propter
559 3779 719 3862 simplicia
738 3799 802 3863 que
821 3792 898 3843 sunt
916 3780 1117 3862 cognicionis
1140 3779 1309 3862 principia.
1334 3775 1370 3838 ln
1395 3775 1458 3837 hiis
1479 3777 1566 3838 enim
1591 3776 1676 3839 idem
1699 3788 1746 3838 est

410 3885 577 3967 cognitum
598 3898 629 3947 et
647 3886 848 3968 cognicionis
869 3885 1079 3968 principium,
1095 3883 1229 3967 etjidem
1250 3895 1451 3966 cognoscunt
1466 3882 1500 3945 in
1515 3882 1635 3947 talibus
1649 3902 1744 3965 quea
1774 3896 1805 3939 25

411 4010 444 4053 se
465 3991 542 4074 ipsis
561 4006 813 4074 cognoscuntur.
838 3991 874 4054 ln
896 3991 957 4054 hoc
975 4005 1083 4055 autem
1105 3991 1234 4054 nullum
1255 3991 1433 4072 sapientem
1457 3990 1490 4052 in
1512 3989 1745 4072 philosophicis

412 4099 558 4179 ignorare
588 4099 755 4182 putabam.
788 4098 875 4162 Deus
903 4118 993 4181 ergo,
1020 4099 1047 4160 si
1074 4117 1141 4161 non
1170 4099 1335 4181 cognoscit
1364 4116 1419 4178 per
1442 4095 1531 4159 aliud
1557 4115 1575 4159 a
1602 4116 1635 4159 se
1661 4098 1743 4180 ipso,

410 4206 574 4287 cognoscit
600 4218 710 4270 tamen
737 4207 770 4268 in
796 4206 947 4289 plurimis
971 4225 1027 4288 per
1049 4205 1138 4268 aliud
1162 4226 1181 4268 a
1205 4225 1238 4268 se
1261 4205 1343 4286 ipso.

1035 4499 1123 4584 pun

490 4686 585 4768 Quod
601 4703 709 4752 autem
729 4689 790 4750 xii⁰
805 4688 949 4770 ponitur,
966 4687 1084 4749 scilicet
1099 4686 1187 4768 quod
1204 4685 1340 4748 humani
1357 4700 1447 4750 actus
1467 4686 1676 4768 prouidencia
1692 4688 1742 4750 dei
1774 4708 1806 4750 το

412 4815 477 4858 non
497 4809 662 4878 reguntur,
679 4815 768 4858 error
781 4796 936 4877 antiquus
951 4808 998 4857 est
1013 4794 1116 4875 Tullij
1133 4796 1202 4877 qui,
1218 4795 1372 4876 quamuis
1387 4815 1422 4856 os
1439 4795 1570 4858 haberet
1584 4796 1623 4858 ad
1641 4794 1744 4877 lepide

411 4902 626 4986 loquendum,
657 4901 805 4965 mirabile
833 4915 942 4965 tamen
972 4922 1026 4965 cor
1056 4902 1169 4965 habuit
1198 4901 1323 4965 latuum
1355 4904 1386 4963 in
1418 4902 1635 4986 philosophia,
1663 4905 1745 4967 sicut

492 5127 500 5158 ¹
523 5126 566 5180 hls
580 5152 615 5171 -ε
628 5126 706 5197 quia.

516 5236 666 5269 aeetnmcus
