<?xml version="1.0" encoding="UTF-8"?>
<!DOCTYPE html PUBLIC "-//W3C//DTD XHTML 1.0 Transitional//EN"
    "http://www.w3.org/TR/xhtml1/DTD/xhtml1-transitional.dtd">
<html xmlns="http://www.w3.org/1999/xhtml" xml:lang="en" lang="en">
 <head>
  <title>
</title>
<meta http-equiv="Content-Type" content="text/html;charset=utf-8" />
  <meta name='ocr-system' content='tesseract 3.04.00' />
  <meta name='ocr-capabilities' content='ocr_page ocr_carea ocr_par ocr_line ocrx_word'/>
</head>
<body>
  <div class='ocr_page' id='page_1' title='image "./sigerdebrabante00albegoog_0263.png"; bbox 0 0 4880 6546; ppageno 0'>
   <div class='ocr_carea' id='block_1_1' title="bbox 1698 880 1767 923">
    <p class='ocr_par' dir='ltr' id='par_1_1' title="bbox 1698 880 1767 923">
     <span class='ocr_line' id='line_1_1' title="bbox 1698 880 1767 923; baseline 0 0"><span class='ocrx_word' id='word_1_1' title='bbox 1698 880 1767 923; x_wconf 76' lang='lat' dir='ltr'>cett</span> 
     </span>
    </p>
   </div>
   <div class='ocr_carea' id='block_1_2' title="bbox 432 1049 1771 2766">
    <p class='ocr_par' dir='ltr' id='par_1_2' title="bbox 432 1049 1771 2166">
     <span class='ocr_line' id='line_1_2' title="bbox 433 1049 1769 1139; baseline -0.004 -18"><span class='ocrx_word' id='word_1_2' title='bbox 433 1068 520 1122; x_wconf 90' lang='lat' dir='ltr'>cette</span> <span class='ocrx_word' id='word_1_3' title='bbox 546 1052 668 1120; x_wconf 87' lang='lat' dir='ltr'>affaire</span> <span class='ocrx_word' id='word_1_4' title='bbox 685 1056 708 1118; x_wconf 87' lang='lat'>¹.</span> <span class='ocrx_word' id='word_1_5' title='bbox 737 1054 837 1120; x_wconf 91' lang='lat' dir='ltr'>Nous</span> <span class='ocrx_word' id='word_1_6' title='bbox 864 1073 993 1119; x_wconf 90' lang='lat' dir='ltr'>savons</span> <span class='ocrx_word' id='word_1_7' title='bbox 1019 1072 1088 1139; x_wconf 90' lang='lat' dir='ltr'>que</span> <span class='ocrx_word' id='word_1_8' title='bbox 1117 1051 1272 1138; x_wconf 90' lang='lat' dir='ltr'>l&#39;eveque</span> <span class='ocrx_word' id='word_1_9' title='bbox 1297 1051 1340 1117; x_wconf 95' lang='lat' dir='ltr'>de</span> <span class='ocrx_word' id='word_1_10' title='bbox 1367 1049 1479 1129; x_wconf 87' lang='lat' dir='ltr'>Paris,</span> <span class='ocrx_word' id='word_1_11' title='bbox 1509 1051 1679 1136; x_wconf 85' lang='lat' dir='ltr'>peut-etse</span> <span class='ocrx_word' id='word_1_12' title='bbox 1707 1070 1769 1116; x_wconf 92' lang='lat' dir='ltr'>sur</span> 
     </span>
     <span class='ocr_line' id='line_1_3' title="bbox 434 1165 1768 1255; baseline -0.004 -19"><span class='ocrx_word' id='word_1_13' title='bbox 434 1191 488 1236; x_wconf 89' lang='lat' dir='ltr'>ses</span> <span class='ocrx_word' id='word_1_14' title='bbox 516 1168 773 1248; x_wconf 74' lang='lat' dir='ltr'>observatione,</span> <span class='ocrx_word' id='word_1_15' title='bbox 804 1168 853 1234; x_wconf 93' lang='lat' dir='ltr'>lui</span> <span class='ocrx_word' id='word_1_16' title='bbox 882 1168 976 1235; x_wconf 89' lang='lat' dir='ltr'>avait</span> <span class='ocrx_word' id='word_1_17' title='bbox 1003 1166 1151 1255; x_wconf 77' lang='lat' dir='ltr'>emove,</span> <span class='ocrx_word' id='word_1_18' title='bbox 1181 1167 1271 1233; x_wconf 90' lang='lat' dir='ltr'>dans</span> <span class='ocrx_word' id='word_1_19' title='bbox 1300 1166 1331 1232; x_wconf 91' lang='lat' dir='ltr'>la</span> <span class='ocrx_word' id='word_1_20' title='bbox 1360 1165 1633 1253; x_wconf 91' lang='lat' dir='ltr'>preoccupation</span> <span class='ocrx_word' id='word_1_21' title='bbox 1662 1166 1705 1233; x_wconf 93' lang='lat' dir='ltr'>de</span> <span class='ocrx_word' id='word_1_22' title='bbox 1733 1186 1768 1232; x_wconf 92' lang='lat' dir='ltr'>se</span> 
     </span>
     <span class='ocr_line' id='line_1_4' title="bbox 432 1281 1769 1374; baseline -0.004 -21"><span class='ocrx_word' id='word_1_23' title='bbox 432 1285 597 1374; x_wconf 82' lang='lat' dir='ltr'>justitiar,</span> <span class='ocrx_word' id='word_1_24' title='bbox 630 1285 661 1353; x_wconf 90' lang='lat' dir='ltr'>la</span> <span class='ocrx_word' id='word_1_25' title='bbox 693 1300 857 1351; x_wconf 85' lang='lat' dir='ltr'>sentence</span> <span class='ocrx_word' id='word_1_26' title='bbox 886 1286 929 1352; x_wconf 91' lang='lat' dir='ltr'>de</span> <span class='ocrx_word' id='word_1_27' title='bbox 963 1283 1206 1371; x_wconf 87' lang='lat' dir='ltr'>l’archeveque</span> <span class='ocrx_word' id='word_1_28' title='bbox 1237 1284 1279 1349; x_wconf 95' lang='lat' dir='ltr'>de</span> <span class='ocrx_word' id='word_1_29' title='bbox 1309 1281 1542 1370; x_wconf 85' lang='lat' dir='ltr'>Cantorbery.</span> <span class='ocrx_word' id='word_1_30' title='bbox 1576 1281 1693 1348; x_wconf 90' lang='lat' dir='ltr'>Pierre</span> <span class='ocrx_word' id='word_1_31' title='bbox 1726 1282 1769 1348; x_wconf 92' lang='lat' dir='ltr'>de</span> 
     </span>
     <span class='ocr_line' id='line_1_5' title="bbox 434 1398 1770 1485; baseline -0.004 -16"><span class='ocrx_word' id='word_1_32' title='bbox 434 1402 606 1469; x_wconf 85' lang='lat' dir='ltr'>Conflans</span> <span class='ocrx_word' id='word_1_33' title='bbox 639 1400 727 1469; x_wconf 92' lang='lat' dir='ltr'>ecrit</span> <span class='ocrx_word' id='word_1_34' title='bbox 759 1401 854 1468; x_wconf 89' lang='lat' dir='ltr'>alors</span> <span class='ocrx_word' id='word_1_35' title='bbox 888 1402 908 1467; x_wconf 78' lang='lat' dir='ltr'>a</span> <span class='ocrx_word' id='word_1_36' title='bbox 943 1422 1007 1468; x_wconf 92' lang='lat' dir='ltr'>son</span> <span class='ocrx_word' id='word_1_37' title='bbox 1043 1398 1218 1477; x_wconf 85' lang='lat' dir='ltr'>confrere‚</span> <span class='ocrx_word' id='word_1_38' title='bbox 1257 1400 1388 1466; x_wconf 88' lang='lat' dir='ltr'>Robert</span> <span class='ocrx_word' id='word_1_39' title='bbox 1422 1398 1642 1485; x_wconf 83' lang='lat' dir='ltr'>Kilwardby,</span> <span class='ocrx_word' id='word_1_40' title='bbox 1679 1418 1770 1484; x_wconf 93' lang='lat' dir='ltr'>pour</span> 
     </span>
     <span class='ocr_line' id='line_1_6' title="bbox 434 1514 1768 1604; baseline -0.004 -19"><span class='ocrx_word' id='word_1_41' title='bbox 434 1519 613 1585; x_wconf 88' lang='lat' dir='ltr'>s&#39;etonner</span> <span class='ocrx_word' id='word_1_42' title='bbox 646 1518 689 1583; x_wconf 94' lang='lat' dir='ltr'>de</span> <span class='ocrx_word' id='word_1_43' title='bbox 724 1517 756 1583; x_wconf 92' lang='lat' dir='ltr'>la</span> <span class='ocrx_word' id='word_1_44' title='bbox 790 1517 1012 1604; x_wconf 84' lang='lat' dir='ltr'>prohibition</span> <span class='ocrx_word' id='word_1_45' title='bbox 1048 1516 1090 1582; x_wconf 94' lang='lat' dir='ltr'>de</span> <span class='ocrx_word' id='word_1_46' title='bbox 1126 1515 1366 1603; x_wconf 90' lang='lat' dir='ltr'>propositions</span> <span class='ocrx_word' id='word_1_47' title='bbox 1401 1514 1488 1601; x_wconf 87' lang='lat' dir='ltr'>qu&#39;il</span> <span class='ocrx_word' id='word_1_48' title='bbox 1523 1514 1653 1601; x_wconf 84' lang='lat' dir='ltr'>jugeait</span> <span class='ocrx_word' id='word_1_49' title='bbox 1688 1514 1768 1580; x_wconf 91' lang='lat' dir='ltr'>bien</span> 
     </span>
     <span class='ocr_line' id='line_1_7' title="bbox 435 1629 1771 1720; baseline -0.004 -20"><span class='ocrx_word' id='word_1_50' title='bbox 435 1633 591 1701; x_wconf 85' lang='lat' dir='ltr'>londees.</span> <span class='ocrx_word' id='word_1_51' title='bbox 611 1635 710 1700; x_wconf 92' lang='lat' dir='ltr'>Nous</span> <span class='ocrx_word' id='word_1_52' title='bbox 728 1633 922 1720; x_wconf 89' lang='lat' dir='ltr'>possedons</span> <span class='ocrx_word' id='word_1_53' title='bbox 943 1633 973 1699; x_wconf 87' lang='lat' dir='ltr'>lc</span> <span class='ocrx_word' id='word_1_54' title='bbox 994 1632 1165 1699; x_wconf 91' lang='lat' dir='ltr'>memoire</span> <span class='ocrx_word' id='word_1_55' title='bbox 1184 1629 1385 1719; x_wconf 80' lang='lat' dir='ltr'>justificatis</span> <span class='ocrx_word' id='word_1_56' title='bbox 1400 1630 1540 1697; x_wconf 88' lang='lat' dir='ltr'>adresse</span> <span class='ocrx_word' id='word_1_57' title='bbox 1557 1650 1620 1717; x_wconf 89' lang='lat' dir='ltr'>par</span> <span class='ocrx_word' id='word_1_58' title='bbox 1639 1630 1771 1696; x_wconf 87' lang='lat' dir='ltr'>Robert</span> 
     </span>
     <span class='ocr_line' id='line_1_8' title="bbox 436 1745 1770 1838; baseline -0.004 -22"><span class='ocrx_word' id='word_1_59' title='bbox 436 1750 643 1838; x_wconf 87' lang='lat' dir='ltr'>Kilwardby</span> <span class='ocrx_word' id='word_1_60' title='bbox 670 1750 690 1815; x_wconf 79' lang='lat' dir='ltr'>a</span> <span class='ocrx_word' id='word_1_61' title='bbox 720 1749 837 1816; x_wconf 90' lang='lat' dir='ltr'>Pierre</span> <span class='ocrx_word' id='word_1_62' title='bbox 865 1750 907 1815; x_wconf 91' lang='lat' dir='ltr'>de</span> <span class='ocrx_word' id='word_1_63' title='bbox 936 1748 1108 1816; x_wconf 86' lang='lat' dir='ltr'>Conflans</span> <span class='ocrx_word' id='word_1_64' title='bbox 1132 1755 1155 1813; x_wconf 77' lang='lat'>2.</span> <span class='ocrx_word' id='word_1_65' title='bbox 1188 1747 1214 1812; x_wconf 93' lang='lat' dir='ltr'>ll</span> <span class='ocrx_word' id='word_1_66' title='bbox 1245 1768 1336 1814; x_wconf 89' lang='lat' dir='ltr'>nous</span> <span class='ocrx_word' id='word_1_67' title='bbox 1363 1768 1386 1834; x_wconf 93' lang='lat' dir='ltr'>y</span> <span class='ocrx_word' id='word_1_68' title='bbox 1415 1745 1478 1812; x_wconf 87' lang='lat' dir='ltr'>fait</span> <span class='ocrx_word' id='word_1_69' title='bbox 1504 1747 1687 1813; x_wconf 85' lang='lat' dir='ltr'>connaltre</span> <span class='ocrx_word' id='word_1_70' title='bbox 1716 1766 1770 1812; x_wconf 90' lang='lat' dir='ltr'>ses</span> 
     </span>
     <span class='ocr_line' id='line_1_9' title="bbox 435 1860 1771 1953; baseline -0.004 -21"><span class='ocrx_word' id='word_1_71' title='bbox 435 1866 528 1933; x_wconf 81' lang='lat' dir='ltr'>idees</span> <span class='ocrx_word' id='word_1_72' title='bbox 562 1865 805 1953; x_wconf 90' lang='lat' dir='ltr'>personnelles</span> <span class='ocrx_word' id='word_1_73' title='bbox 845 1886 908 1931; x_wconf 90' lang='lat' dir='ltr'>sur</span> <span class='ocrx_word' id='word_1_74' title='bbox 947 1864 995 1931; x_wconf 92' lang='lat' dir='ltr'>les</span> <span class='ocrx_word' id='word_1_75' title='bbox 1034 1864 1217 1950; x_wconf 87' lang='lat' dir='ltr'>questions</span> <span class='ocrx_word' id='word_1_76' title='bbox 1252 1862 1449 1949; x_wconf 73' lang='lat' dir='ltr'>disputeeS,</span> <span class='ocrx_word' id='word_1_77' title='bbox 1487 1862 1577 1928; x_wconf 90' lang='lat' dir='ltr'>mais</span> <span class='ocrx_word' id='word_1_78' title='bbox 1613 1860 1771 1927; x_wconf 85' lang='lat' dir='ltr'>n’etablit</span> 
     </span>
     <span class='ocr_line' id='line_1_10' title="bbox 435 1978 1769 2070; baseline -0.004 -21"><span class='ocrx_word' id='word_1_79' title='bbox 435 2003 496 2070; x_wconf 91' lang='lat' dir='ltr'>pas</span> <span class='ocrx_word' id='word_1_80' title='bbox 528 1982 616 2070; x_wconf 88' lang='lat' dir='ltr'>qu&#39;il</span> <span class='ocrx_word' id='word_1_81' title='bbox 647 1984 707 2049; x_wconf 82' lang='lat' dir='ltr'>eut</span> <span class='ocrx_word' id='word_1_82' title='bbox 739 1981 769 2048; x_wconf 91' lang='lat' dir='ltr'>le</span> <span class='ocrx_word' id='word_1_83' title='bbox 799 1981 934 2061; x_wconf 85' lang='lat' dir='ltr'>devoir,</span> <span class='ocrx_word' id='word_1_84' title='bbox 968 1980 1003 2046; x_wconf 94' lang='lat' dir='ltr'>ni</span> <span class='ocrx_word' id='word_1_85' title='bbox 1038 1983 1155 2047; x_wconf 87' lang='lat' dir='ltr'>meme</span> <span class='ocrx_word' id='word_1_86' title='bbox 1187 1978 1217 2044; x_wconf 92' lang='lat' dir='ltr'>le</span> <span class='ocrx_word' id='word_1_87' title='bbox 1249 1979 1342 2045; x_wconf 90' lang='lat' dir='ltr'>droit</span> <span class='ocrx_word' id='word_1_88' title='bbox 1369 1978 1413 2044; x_wconf 94' lang='lat' dir='ltr'>de</span> <span class='ocrx_word' id='word_1_89' title='bbox 1441 1978 1609 2065; x_wconf 87' lang='lat' dir='ltr'>proceder</span> <span class='ocrx_word' id='word_1_90' title='bbox 1635 1978 1655 2043; x_wconf 79' lang='lat' dir='ltr'>a</span> <span class='ocrx_word' id='word_1_91' title='bbox 1683 1991 1769 2044; x_wconf 87' lang='lat' dir='ltr'>cette</span> 
     </span>
     <span class='ocr_line' id='line_1_11' title="bbox 434 2097 726 2166; baseline -0.014 0"><span class='ocrx_word' id='word_1_92' title='bbox 434 2097 726 2166; x_wconf 89' lang='lat' dir='ltr'>condamnation.</span> 
     </span>
    </p>

    <p class='ocr_par' dir='ltr' id='par_1_3' title="bbox 434 2208 1771 2766">
     <span class='ocr_line' id='line_1_12' title="bbox 524 2208 1771 2299; baseline -0.006 -17"><span class='ocrx_word' id='word_1_93' title='bbox 524 2216 620 2282; x_wconf 90' lang='lat' dir='ltr'>Pour</span> <span class='ocrx_word' id='word_1_94' title='bbox 639 2213 807 2281; x_wconf 89' lang='lat' dir='ltr'>delendre</span> <span class='ocrx_word' id='word_1_95' title='bbox 829 2213 992 2280; x_wconf 85' lang='lat' dir='ltr'>Thomas</span> <span class='ocrx_word' id='word_1_96' title='bbox 1013 2212 1184 2299; x_wconf 79' lang='lat' dir='ltr'>d’llquin,</span> <span class='ocrx_word' id='word_1_97' title='bbox 1209 2212 1346 2278; x_wconf 86' lang='lat' dir='ltr'>l’Ordre</span> <span class='ocrx_word' id='word_1_98' title='bbox 1367 2209 1521 2297; x_wconf 76' lang='lat' dir='ltr'>compsit</span> <span class='ocrx_word' id='word_1_99' title='bbox 1544 2208 1630 2296; x_wconf 91' lang='lat' dir='ltr'>qu&#39;il</span> <span class='ocrx_word' id='word_1_100' title='bbox 1654 2208 1771 2276; x_wconf 90' lang='lat' dir='ltr'>devait</span> 
     </span>
     <span class='ocr_line' id='line_1_13' title="bbox 434 2326 1771 2417; baseline -0.005 -20"><span class='ocrx_word' id='word_1_101' title='bbox 434 2345 541 2397; x_wconf 91' lang='lat' dir='ltr'>avant</span> <span class='ocrx_word' id='word_1_102' title='bbox 564 2344 640 2397; x_wconf 92' lang='lat' dir='ltr'>tout</span> <span class='ocrx_word' id='word_1_103' title='bbox 663 2344 824 2417; x_wconf 89' lang='lat' dir='ltr'>compter</span> <span class='ocrx_word' id='word_1_104' title='bbox 847 2351 910 2395; x_wconf 90' lang='lat' dir='ltr'>sur</span> <span class='ocrx_word' id='word_1_105' title='bbox 934 2329 1130 2394; x_wconf 89' lang='lat' dir='ltr'>lui-meme.</span> <span class='ocrx_word' id='word_1_106' title='bbox 1157 2328 1261 2394; x_wconf 81' lang='lat' dir='ltr'>Aussi</span> <span class='ocrx_word' id='word_1_107' title='bbox 1288 2326 1506 2415; x_wconf 87' lang='lat' dir='ltr'>deploya·t-il</span> <span class='ocrx_word' id='word_1_108' title='bbox 1531 2327 1621 2392; x_wconf 92' lang='lat' dir='ltr'>dans</span> <span class='ocrx_word' id='word_1_109' title='bbox 1644 2346 1683 2393; x_wconf 93' lang='lat' dir='ltr'>ce</span> <span class='ocrx_word' id='word_1_110' title='bbox 1707 2326 1771 2391; x_wconf 91' lang='lat' dir='ltr'>but</span> 
     </span>
     <span class='ocr_line' id='line_1_14' title="bbox 437 2441 1770 2532; baseline -0.003 -20"><span class='ocrx_word' id='word_1_111' title='bbox 437 2468 506 2514; x_wconf 90' lang='lat' dir='ltr'>une</span> <span class='ocrx_word' id='word_1_112' title='bbox 527 2446 666 2513; x_wconf 86' lang='lat' dir='ltr'>activite</span> <span class='ocrx_word' id='word_1_113' title='bbox 687 2461 720 2513; x_wconf 91' lang='lat' dir='ltr'>et</span> <span class='ocrx_word' id='word_1_114' title='bbox 742 2467 812 2512; x_wconf 87' lang='lat' dir='ltr'>une</span> <span class='ocrx_word' id='word_1_115' title='bbox 833 2445 972 2532; x_wconf 84' lang='lat' dir='ltr'>energie</span> <span class='ocrx_word' id='word_1_116' title='bbox 994 2444 1056 2532; x_wconf 90' lang='lat' dir='ltr'>qui</span> <span class='ocrx_word' id='word_1_117' title='bbox 1080 2444 1300 2531; x_wconf 84' lang='lat' dir='ltr'>temoignent</span> <span class='ocrx_word' id='word_1_118' title='bbox 1320 2444 1363 2509; x_wconf 96' lang='lat' dir='ltr'>de</span> <span class='ocrx_word' id='word_1_119' title='bbox 1385 2443 1417 2510; x_wconf 89' lang='lat' dir='ltr'>la</span> <span class='ocrx_word' id='word_1_120' title='bbox 1437 2442 1543 2509; x_wconf 89' lang='lat' dir='ltr'>claire</span> <span class='ocrx_word' id='word_1_121' title='bbox 1564 2441 1770 2509; x_wconf 85' lang='lat' dir='ltr'>conscience</span> 
     </span>
     <span class='ocr_line' id='line_1_15' title="bbox 434 2557 1770 2649; baseline -0.005 -19"><span class='ocrx_word' id='word_1_122' title='bbox 434 2564 495 2630; x_wconf 92' lang='lat' dir='ltr'>des</span> <span class='ocrx_word' id='word_1_123' title='bbox 523 2562 592 2628; x_wconf 88' lang='lat' dir='ltr'>fins</span> <span class='ocrx_word' id='word_1_124' title='bbox 616 2562 702 2649; x_wconf 91' lang='lat' dir='ltr'>qu&#39;il</span> <span class='ocrx_word' id='word_1_125' title='bbox 729 2562 963 2649; x_wconf 86' lang='lat' dir='ltr'>poursuivait.</span> <span class='ocrx_word' id='word_1_126' title='bbox 993 2561 1040 2626; x_wconf 90' lang='lat' dir='ltr'>Le</span> <span class='ocrx_word' id='word_1_127' title='bbox 1066 2560 1201 2649; x_wconf 84' lang='lat' dir='ltr'>danger</span> <span class='ocrx_word' id='word_1_128' title='bbox 1226 2559 1391 2627; x_wconf 90' lang='lat' dir='ltr'>semblait</span> <span class='ocrx_word' id='word_1_129' title='bbox 1416 2573 1557 2626; x_wconf 89' lang='lat' dir='ltr'>surtout</span> <span class='ocrx_word' id='word_1_130' title='bbox 1581 2557 1770 2625; x_wconf 90' lang='lat' dir='ltr'>concentre</span> 
     </span>
     <span class='ocr_line' id='line_1_16' title="bbox 434 2674 1769 2766; baseline -0.005 -19"><span class='ocrx_word' id='word_1_131' title='bbox 434 2701 477 2747; x_wconf 92' lang='lat' dir='ltr'>en</span> <span class='ocrx_word' id='word_1_132' title='bbox 502 2678 720 2766; x_wconf 67' lang='lat' dir='ltr'>angleterre,</span> <span class='ocrx_word' id='word_1_133' title='bbox 742 2681 788 2744; x_wconf 85' lang='lat' dir='ltr'>ou</span> <span class='ocrx_word' id='word_1_134' title='bbox 813 2677 944 2744; x_wconf 87' lang='lat' dir='ltr'>Robert</span> <span class='ocrx_word' id='word_1_135' title='bbox 967 2676 1174 2764; x_wconf 88' lang='lat' dir='ltr'>Kilwardby</span> <span class='ocrx_word' id='word_1_136' title='bbox 1195 2676 1289 2743; x_wconf 90' lang='lat' dir='ltr'>avait</span> <span class='ocrx_word' id='word_1_137' title='bbox 1309 2674 1443 2755; x_wconf 86' lang='lat' dir='ltr'>exerce,</span> <span class='ocrx_word' id='word_1_138' title='bbox 1465 2694 1606 2742; x_wconf 88' lang='lat' dir='ltr'>comme</span> <span class='ocrx_word' id='word_1_139' title='bbox 1627 2674 1769 2761; x_wconf 91' lang='lat' dir='ltr'>provin·</span> 
     </span>
    </p>
   </div>
   <div class='ocr_carea' id='block_1_3' title="bbox 434 2986 1772 5117">
    <p class='ocr_par' dir='ltr' id='par_1_4' title="bbox 434 2986 1772 3417">
     <span class='ocr_line' id='line_1_17' title="bbox 525 2986 1768 3058; baseline -0.002 -14"><span class='ocrx_word' id='word_1_140' title='bbox 525 2990 534 3022; x_wconf 92' lang='lat'><strong>¹</strong></span> <span class='ocrx_word' id='word_1_141' title='bbox 555 2989 647 3044; x_wconf 90' lang='lat' dir='ltr'>Pierre</span> <span class='ocrx_word' id='word_1_142' title='bbox 664 2987 700 3043; x_wconf 92' lang='lat' dir='ltr'>de</span> <span class='ocrx_word' id='word_1_143' title='bbox 715 2987 865 3053; x_wconf 87' lang='lat' dir='ltr'>Conflans,</span> <span class='ocrx_word' id='word_1_144' title='bbox 884 2987 1105 3058; x_wconf 83' lang='lat' dir='ltr'>Bourguignon,</span> <span class='ocrx_word' id='word_1_145' title='bbox 1125 2987 1194 3043; x_wconf 93' lang='lat' dir='ltr'>etait</span> <span class='ocrx_word' id='word_1_146' title='bbox 1213 2987 1356 3042; x_wconf 86' lang='lat' dir='ltr'>bachelier</span> <span class='ocrx_word' id='word_1_147' title='bbox 1373 2987 1409 3042; x_wconf 90' lang='lat' dir='ltr'>de</span> <span class='ocrx_word' id='word_1_148' title='bbox 1427 2986 1611 3043; x_wconf 86' lang='lat' dir='ltr'>l’Universite</span> <span class='ocrx_word' id='word_1_149' title='bbox 1629 2986 1664 3042; x_wconf 93' lang='lat' dir='ltr'>de</span> <span class='ocrx_word' id='word_1_150' title='bbox 1681 2987 1768 3042; x_wconf 78' lang='lat' dir='ltr'>Paris</span> 
     </span>
     <span class='ocr_line' id='line_1_18' title="bbox 437 3075 1771 3147; baseline -0.001 -14"><span class='ocrx_word' id='word_1_151' title='bbox 437 3079 579 3133; x_wconf 89' lang='lat' dir='ltr'>lnnocent</span> <span class='ocrx_word' id='word_1_152' title='bbox 602 3077 647 3143; x_wconf 90' lang='lat' dir='ltr'>lV,</span> <span class='ocrx_word' id='word_1_153' title='bbox 670 3076 744 3132; x_wconf 89' lang='lat' dir='ltr'>dans</span> <span class='ocrx_word' id='word_1_154' title='bbox 764 3093 795 3131; x_wconf 85' lang='lat' dir='ltr'>sa</span> <span class='ocrx_word' id='word_1_155' title='bbox 816 3078 897 3132; x_wconf 92' lang='lat' dir='ltr'>lettre</span> <span class='ocrx_word' id='word_1_156' title='bbox 919 3075 959 3131; x_wconf 90' lang='lat' dir='ltr'>du</span> <span class='ocrx_word' id='word_1_157' title='bbox 981 3092 996 3129; x_wconf 81' lang='lat' dir='ltr'>a</span> <span class='ocrx_word' id='word_1_158' title='bbox 1018 3091 1094 3131; x_wconf 93' lang='lat' dir='ltr'>mars</span> <span class='ocrx_word' id='word_1_159' title='bbox 1119 3075 1194 3142; x_wconf 77' lang='lat'>1268,</span> <span class='ocrx_word' id='word_1_160' title='bbox 1217 3075 1329 3131; x_wconf 90' lang='lat' dir='ltr'>declare</span> <span class='ocrx_word' id='word_1_161' title='bbox 1348 3076 1419 3147; x_wconf 89' lang='lat' dir='ltr'>qu&#39;il</span> <span class='ocrx_word' id='word_1_162' title='bbox 1436 3076 1514 3131; x_wconf 81' lang='lat' dir='ltr'>vient</span> <span class='ocrx_word' id='word_1_163' title='bbox 1534 3076 1569 3131; x_wconf 91' lang='lat' dir='ltr'>de</span> <span class='ocrx_word' id='word_1_164' title='bbox 1590 3077 1614 3131; x_wconf 92' lang='lat' dir='ltr'>le</span> <span class='ocrx_word' id='word_1_165' title='bbox 1637 3092 1771 3131; x_wconf 91' lang='lat' dir='ltr'>nommer</span> 
     </span>
     <span class='ocr_line' id='line_1_19' title="bbox 434 3165 1772 3238; baseline -0.003 -16"><span class='ocrx_word' id='word_1_166' title='bbox 434 3168 614 3238; x_wconf 87' lang='lat' dir='ltr'>archeveque</span> <span class='ocrx_word' id='word_1_167' title='bbox 626 3166 662 3222; x_wconf 91' lang='lat' dir='ltr'>de</span> <span class='ocrx_word' id='word_1_168' title='bbox 675 3165 823 3222; x_wconf 92' lang='lat' dir='ltr'>Corinthe.</span> <span class='ocrx_word' id='word_1_169' title='bbox 842 3166 862 3220; x_wconf 96' lang='lat' dir='ltr'>ll</span> <span class='ocrx_word' id='word_1_170' title='bbox 878 3165 923 3221; x_wconf 84' lang='lat' dir='ltr'>sut</span> <span class='ocrx_word' id='word_1_171' title='bbox 936 3165 1074 3221; x_wconf 75' lang='lat' dir='ltr'>transfere</span> <span class='ocrx_word' id='word_1_172' title='bbox 1087 3167 1103 3219; x_wconf 78' lang='lat' dir='ltr'>a</span> <span class='ocrx_word' id='word_1_173' title='bbox 1116 3165 1255 3231; x_wconf 89' lang='lat' dir='ltr'>Cosenza,</span> <span class='ocrx_word' id='word_1_174' title='bbox 1272 3166 1296 3220; x_wconf 91' lang='lat' dir='ltr'>le</span> <span class='ocrx_word' id='word_1_175' title='bbox 1310 3166 1325 3220; x_wconf 86' lang='grc'>5</span> <span class='ocrx_word' id='word_1_176' title='bbox 1338 3165 1408 3220; x_wconf 90' lang='lat' dir='ltr'>avril</span> <span class='ocrx_word' id='word_1_177' title='bbox 1426 3166 1501 3237; x_wconf 86' lang='lat'><em>1278.</em></span> <span class='ocrx_word' id='word_1_178' title='bbox 1517 3165 1630 3219; x_wconf 76' lang='lat' dir='ltr'>Archiv</span> <span class='ocrx_word' id='word_1_179' title='bbox 1637 3165 1666 3235; x_wconf 83' lang='lat' dir='ltr'>s.</span> <span class='ocrx_word' id='word_1_180' title='bbox 1682 3165 1772 3220; x_wconf 72' lang='lat' dir='ltr'>titt.-</span> 
     </span>
     <span class='ocr_line' id='line_1_20' title="bbox 437 3254 1769 3329; baseline -0.003 -17"><span class='ocrx_word' id='word_1_181' title='bbox 437 3274 464 3312; x_wconf 86' lang='lat' dir='ltr'>u.</span> <span class='ocrx_word' id='word_1_182' title='bbox 487 3255 733 3329; x_wconf 82' lang='lat' dir='ltr'>Kirclzengesclt.,</span> <span class='ocrx_word' id='word_1_183' title='bbox 757 3255 793 3321; x_wconf 94' lang='lat' dir='ltr'>ll,</span> <span class='ocrx_word' id='word_1_184' title='bbox 819 3272 847 3327; x_wconf 88' lang='lat' dir='ltr'>p.</span> <span class='ocrx_word' id='word_1_185' title='bbox 866 3270 941 3327; x_wconf 75' lang='lat'>207;</span> <span class='ocrx_word' id='word_1_186' title='bbox 964 3255 1092 3310; x_wconf 87' lang='lat' dir='ltr'>lllartene</span> <span class='ocrx_word' id='word_1_187' title='bbox 1112 3267 1139 3310; x_wconf 91' lang='lat' dir='ltr'>et</span> <span class='ocrx_word' id='word_1_188' title='bbox 1160 3254 1291 3320; x_wconf 85' lang='lat' dir='ltr'>Durand,</span> <span class='ocrx_word' id='word_1_189' title='bbox 1317 3254 1491 3310; x_wconf 74' lang='lat' dir='ltr'>Thesaurus</span> <span class='ocrx_word' id='word_1_190' title='bbox 1511 3254 1708 3316; x_wconf 81' lang='lat' dir='ltr'>Auecdotum,</span> <span class='ocrx_word' id='word_1_191' title='bbox 1733 3255 1769 3320; x_wconf 92' lang='lat' dir='ltr'>ll,</span> 
     </span>
     <span class='ocr_line' id='line_1_21' title="bbox 435 3343 1727 3417; baseline -0.002 -16"><span class='ocrx_word' id='word_1_192' title='bbox 435 3348 491 3401; x_wconf 73' lang='lat' dir='ltr'>col,</span> <span class='ocrx_word' id='word_1_193' title='bbox 508 3347 578 3417; x_wconf 87' lang='lat'><strong>578;</strong></span> <span class='ocrx_word' id='word_1_194' title='bbox 597 3345 698 3410; x_wconf 86' lang='lat' dir='ltr'>Eubel,</span> <span class='ocrx_word' id='word_1_195' title='bbox 715 3343 898 3399; x_wconf 83' lang='lat' dir='ltr'>Hierurcltia</span> <span class='ocrx_word' id='word_1_196' title='bbox 915 3344 1073 3409; x_wconf 75' lang='lat' dir='ltr'>catholica,</span> <span class='ocrx_word' id='word_1_197' title='bbox 1092 3360 1118 3415; x_wconf 89' lang='lat' dir='ltr'>p.</span> <span class='ocrx_word' id='word_1_198' title='bbox 1137 3346 1206 3408; x_wconf 84' lang='lat'>228;</span> <span class='ocrx_word' id='word_1_199' title='bbox 1224 3344 1326 3398; x_wconf 85' lang='lat' dir='ltr'>Cltart.</span> <span class='ocrx_word' id='word_1_200' title='bbox 1348 3344 1433 3399; x_wconf 71' lang='lat' dir='ltr'>tsniv.</span> <span class='ocrx_word' id='word_1_201' title='bbox 1451 3344 1562 3409; x_wconf 80' lang='lat' dir='ltr'>Paris,</span> <span class='ocrx_word' id='word_1_202' title='bbox 1582 3344 1602 3411; x_wconf 89' lang='lat'>1,</span> <span class='ocrx_word' id='word_1_203' title='bbox 1620 3360 1648 3414; x_wconf 88' lang='lat' dir='ltr'>p.</span> <span class='ocrx_word' id='word_1_204' title='bbox 1666 3344 1727 3416; x_wconf 82' lang='lat'>559.</span> 
     </span>
    </p>

    <p class='ocr_par' dir='ltr' id='par_1_5' title="bbox 436 3432 1771 3773">
     <span class='ocr_line' id='line_1_22' title="bbox 525 3432 1770 3507; baseline -0.002 -17"><span class='ocrx_word' id='word_1_205' title='bbox 525 3435 535 3467; x_wconf 87' lang='lat'><strong>¹</strong></span> <span class='ocrx_word' id='word_1_206' title='bbox 555 3434 656 3490; x_wconf 91' lang='lat' dir='ltr'>Publie</span> <span class='ocrx_word' id='word_1_207' title='bbox 675 3450 726 3507; x_wconf 90' lang='lat' dir='ltr'>par</span> <span class='ocrx_word' id='word_1_208' title='bbox 745 3434 839 3499; x_wconf 82' lang='lat' dir='ltr'>Ehrle,</span> <span class='ocrx_word' id='word_1_209' title='bbox 859 3433 973 3488; x_wconf 77' lang='lat' dir='ltr'>Archiv</span> <span class='ocrx_word' id='word_1_210' title='bbox 984 3434 1013 3505; x_wconf 88' lang='lat' dir='ltr'>f.</span> <span class='ocrx_word' id='word_1_211' title='bbox 1035 3433 1155 3488; x_wconf 64' lang='lat' dir='ltr'>Lite-u,</span> <span class='ocrx_word' id='word_1_212' title='bbox 1174 3433 1420 3506; x_wconf 80' lang='lat' dir='ltr'>Kt&#39;rcltcngesclt.,</span> <span class='ocrx_word' id='word_1_213' title='bbox 1441 3434 1473 3499; x_wconf 92' lang='lat' dir='ltr'>V,</span> <span class='ocrx_word' id='word_1_214' title='bbox 1494 3450 1522 3506; x_wconf 88' lang='lat' dir='ltr'>p.</span> <span class='ocrx_word' id='word_1_215' title='bbox 1542 3433 1669 3504; x_wconf 79' lang='lat'>614-632.</span> <span class='ocrx_word' id='word_1_216' title='bbox 1691 3432 1770 3488; x_wconf 84' lang='lat' dir='ltr'>Volci</span> 
     </span>
     <span class='ocr_line' id='line_1_23' title="bbox 436 3522 1771 3595; baseline -0.002 -16"><span class='ocrx_word' id='word_1_217' title='bbox 436 3526 476 3580; x_wconf 92' lang='lat' dir='ltr'>les</span> <span class='ocrx_word' id='word_1_218' title='bbox 491 3524 597 3580; x_wconf 89' lang='lat' dir='ltr'>debuts</span> <span class='ocrx_word' id='word_1_219' title='bbox 615 3523 655 3579; x_wconf 92' lang='lat' dir='ltr'>du</span> <span class='ocrx_word' id='word_1_220' title='bbox 675 3523 836 3579; x_wconf 90' lang='lat' dir='ltr'>document</span> <span class='ocrx_word' id='word_1_221' title='bbox 854 3522 905 3594; x_wconf 91' lang='lat' dir='ltr'>qui</span> <span class='ocrx_word' id='word_1_222' title='bbox 926 3539 1001 3578; x_wconf 92' lang='lat' dir='ltr'>nous</span> <span class='ocrx_word' id='word_1_223' title='bbox 1020 3522 1131 3578; x_wconf 82' lang='lat' dir='ltr'>lournit</span> <span class='ocrx_word' id='word_1_224' title='bbox 1149 3524 1188 3577; x_wconf 88' lang='lat' dir='ltr'>les</span> <span class='ocrx_word' id='word_1_225' title='bbox 1208 3522 1376 3595; x_wconf 87' lang='lat' dir='ltr'>precedents</span> <span class='ocrx_word' id='word_1_226' title='bbox 1395 3523 1663 3594; x_wconf 82' lang='lat' dir='ltr'>renseignements:</span> <span class='ocrx_word' id='word_1_227' title='bbox 1684 3523 1771 3577; x_wconf 85' lang='lat' dir='ltr'>Reve-</span> 
     </span>
     <span class='ocr_line' id='line_1_24' title="bbox 436 3612 1771 3686; baseline -0.001 -17"><span class='ocrx_word' id='word_1_228' title='bbox 436 3613 527 3669; x_wconf 91' lang='lat' dir='ltr'>rendo</span> <span class='ocrx_word' id='word_1_229' title='bbox 548 3612 619 3686; x_wconf 93' lang='lat' dir='ltr'>patri</span> <span class='ocrx_word' id='word_1_230' title='bbox 641 3613 719 3668; x_wconf 86' lang='lat' dir='ltr'>fratri</span> <span class='ocrx_word' id='word_1_231' title='bbox 740 3614 770 3668; x_wconf 89' lang='lat' dir='ltr'>P.</span> <span class='ocrx_word' id='word_1_232' title='bbox 791 3613 842 3667; x_wconf 90' lang='lat' dir='ltr'>Dei</span> <span class='ocrx_word' id='word_1_233' title='bbox 860 3612 950 3683; x_wconf 85' lang='lat' dir='ltr'>gratia</span> <span class='ocrx_word' id='word_1_234' title='bbox 969 3612 1191 3685; x_wconf 80' lang='lat' dir='ltr'>archiepiscopo</span> <span class='ocrx_word' id='word_1_235' title='bbox 1211 3612 1344 3668; x_wconf 90' lang='lat' dir='ltr'>Corinthi</span> <span class='ocrx_word' id='word_1_236' title='bbox 1366 3612 1451 3668; x_wconf 89' lang='lat' dir='ltr'>frater</span> <span class='ocrx_word' id='word_1_237' title='bbox 1470 3613 1625 3679; x_wconf 78' lang='lat' dir='ltr'>Robertu5‚</span> <span class='ocrx_word' id='word_1_238' title='bbox 1645 3612 1771 3668; x_wconf 86' lang='lat' dir='ltr'>Cantua·</span> 
     </span>
     <span class='ocr_line' id='line_1_25' title="bbox 436 3701 1549 3773; baseline 0.001 -16"><span class='ocrx_word' id='word_1_239' title='bbox 436 3704 538 3759; x_wconf 90' lang='lat' dir='ltr'>riensis</span> <span class='ocrx_word' id='word_1_240' title='bbox 558 3702 693 3758; x_wconf 83' lang='lat' dir='ltr'>sacerdos</span> <span class='ocrx_word' id='word_1_241' title='bbox 714 3702 853 3772; x_wconf 84' lang='lat' dir='ltr'>indignus</span> <span class='ocrx_word' id='word_1_242' title='bbox 869 3703 993 3757; x_wconf 86' lang='lat' dir='ltr'>salutem</span> <span class='ocrx_word' id='word_1_243' title='bbox 1009 3714 1036 3758; x_wconf 90' lang='lat' dir='ltr'>et</span> <span class='ocrx_word' id='word_1_244' title='bbox 1051 3701 1197 3773; x_wconf 92' lang='lat' dir='ltr'>quidquid</span> <span class='ocrx_word' id='word_1_245' title='bbox 1214 3714 1257 3758; x_wconf 88' lang='lat' dir='ltr'>est</span> <span class='ocrx_word' id='word_1_246' title='bbox 1271 3702 1360 3772; x_wconf 84' lang='lat' dir='ltr'>gratie</span> <span class='ocrx_word' id='word_1_247' title='bbox 1374 3714 1402 3757; x_wconf 90' lang='lat' dir='ltr'>et</span> <span class='ocrx_word' id='word_1_248' title='bbox 1418 3702 1549 3758; x_wconf 88' lang='lat' dir='ltr'>honoris.</span> 
     </span>
    </p>

    <p class='ocr_par' dir='ltr' id='par_1_6' title="bbox 436 3791 1772 5117">
     <span class='ocr_line' id='line_1_26' title="bbox 524 3791 1771 3864; baseline -0.001 -17"><span class='ocrx_word' id='word_1_249' title='bbox 524 3791 688 3863; x_wconf 87' lang='lat' dir='ltr'>Scripsistis</span> <span class='ocrx_word' id='word_1_250' title='bbox 699 3792 788 3846; x_wconf 88' lang='lat' dir='ltr'>michi</span> <span class='ocrx_word' id='word_1_251' title='bbox 803 3807 905 3864; x_wconf 86' lang='lat' dir='ltr'>nuper,</span> <span class='ocrx_word' id='word_1_252' title='bbox 918 3791 997 3862; x_wconf 90' lang='lat' dir='ltr'>quod</span> <span class='ocrx_word' id='word_1_253' title='bbox 1010 3791 1182 3846; x_wconf 89' lang='lat' dir='ltr'>venerabilis</span> <span class='ocrx_word' id='word_1_254' title='bbox 1194 3804 1273 3864; x_wconf 90' lang='lat' dir='ltr'>pater</span> <span class='ocrx_word' id='word_1_255' title='bbox 1284 3791 1424 3847; x_wconf 89' lang='lat' dir='ltr'>dominus</span> <span class='ocrx_word' id='word_1_256' title='bbox 1436 3792 1604 3864; x_wconf 87' lang='lat' dir='ltr'>Stephanus</span> <span class='ocrx_word' id='word_1_257' title='bbox 1615 3791 1771 3863; x_wconf 88' lang='lat' dir='ltr'>episcopus</span> 
     </span>
     <span class='ocr_line' id='line_1_27' title="bbox 437 3880 1772 3952; baseline 0 -16"><span class='ocrx_word' id='word_1_258' title='bbox 437 3881 605 3937; x_wconf 86' lang='lat' dir='ltr'>Parisiensis</span> <span class='ocrx_word' id='word_1_259' title='bbox 623 3880 707 3935; x_wconf 90' lang='lat' dir='ltr'>vobis</span> <span class='ocrx_word' id='word_1_260' title='bbox 726 3880 908 3951; x_wconf 81' lang='lat' dir='ltr'>significavit,</span> <span class='ocrx_word' id='word_1_261' title='bbox 924 3880 1004 3951; x_wconf 89' lang='lat' dir='ltr'>quod</span> <span class='ocrx_word' id='word_1_262' title='bbox 1024 3896 1077 3951; x_wconf 83' lang='lat' dir='ltr'>ego</span> <span class='ocrx_word' id='word_1_263' title='bbox 1095 3880 1131 3935; x_wconf 92' lang='lat' dir='ltr'>de</span> <span class='ocrx_word' id='word_1_264' title='bbox 1148 3897 1293 3936; x_wconf 89' lang='lat' dir='ltr'>consensu</span> <span class='ocrx_word' id='word_1_265' title='bbox 1312 3881 1447 3937; x_wconf 90' lang='lat' dir='ltr'>omnium</span> <span class='ocrx_word' id='word_1_266' title='bbox 1467 3881 1675 3952; x_wconf 80' lang='lat' dir='ltr'>magistrorum</span> <span class='ocrx_word' id='word_1_267' title='bbox 1694 3882 1772 3936; x_wconf 83' lang='lat' dir='ltr'>Oxo·</span> 
     </span>
     <span class='ocr_line' id='line_1_28' title="bbox 436 3970 1770 4042; baseline -0.001 -16"><span class='ocrx_word' id='word_1_268' title='bbox 436 3971 583 4026; x_wconf 90' lang='lat' dir='ltr'>niensium</span> <span class='ocrx_word' id='word_1_269' title='bbox 606 3983 665 4026; x_wconf 90' lang='lat' dir='ltr'>tam</span> <span class='ocrx_word' id='word_1_270' title='bbox 687 3970 847 4041; x_wconf 87' lang='lat' dir='ltr'>regentium</span> <span class='ocrx_word' id='word_1_271' title='bbox 869 3986 959 4041; x_wconf 88' lang='lat' dir='ltr'>quam</span> <span class='ocrx_word' id='word_1_272' title='bbox 984 3986 1043 4025; x_wconf 88' lang='lat' dir='ltr'>non</span> <span class='ocrx_word' id='word_1_273' title='bbox 1067 3970 1239 4041; x_wconf 84' lang='lat' dir='ltr'>regentium,</span> <span class='ocrx_word' id='word_1_274' title='bbox 1262 3971 1400 4026; x_wconf 84' lang='lat' dir='ltr'>articulos</span> <span class='ocrx_word' id='word_1_275' title='bbox 1420 3971 1534 4026; x_wconf 83' lang='lat' dir='ltr'>Oxonie</span> <span class='ocrx_word' id='word_1_276' title='bbox 1556 3971 1770 4042; x_wconf 76' lang='lat' dir='ltr'>condempnari</span> 
     </span>
     <span class='ocr_line' id='line_1_29' title="bbox 436 4059 1768 4132; baseline -0.002 -16"><span class='ocrx_word' id='word_1_277' title='bbox 436 4060 581 4132; x_wconf 89' lang='lat' dir='ltr'>quosdam</span> <span class='ocrx_word' id='word_1_278' title='bbox 601 4059 630 4114; x_wconf 93' lang='lat' dir='ltr'>in</span> <span class='ocrx_word' id='word_1_279' title='bbox 649 4059 928 4130; x_wconf 65' lang='lat' dir='ltr'>grammaticalibus</span> <span class='ocrx_word' id='word_1_280' title='bbox 948 4059 1093 4129; x_wconf 89' lang='lat' dir='ltr'>quosdam</span> <span class='ocrx_word' id='word_1_281' title='bbox 1114 4059 1143 4114; x_wconf 91' lang='lat' dir='ltr'>in</span> <span class='ocrx_word' id='word_1_282' title='bbox 1163 4060 1344 4130; x_wconf 82' lang='lat' dir='ltr'>logicalibus,</span> <span class='ocrx_word' id='word_1_283' title='bbox 1362 4059 1509 4132; x_wconf 89' lang='lat' dir='ltr'>quosdam</span> <span class='ocrx_word' id='word_1_284' title='bbox 1527 4060 1557 4115; x_wconf 91' lang='lat' dir='ltr'>in</span> <span class='ocrx_word' id='word_1_285' title='bbox 1576 4060 1768 4116; x_wconf 90' lang='lat' dir='ltr'>naturalibus.</span> 
     </span>
     <span class='ocr_line' id='line_1_30' title="bbox 437 4148 1770 4221; baseline -0.002 -16"><span class='ocrx_word' id='word_1_286' title='bbox 437 4151 472 4206; x_wconf 86' lang='lat' dir='ltr'>Et</span> <span class='ocrx_word' id='word_1_287' title='bbox 495 4149 523 4204; x_wconf 90' lang='lat' dir='ltr'>in</span> <span class='ocrx_word' id='word_1_288' title='bbox 547 4150 669 4221; x_wconf 92' lang='lat' dir='ltr'>epistola</span> <span class='ocrx_word' id='word_1_289' title='bbox 692 4161 785 4204; x_wconf 86' lang='lat' dir='ltr'>vestra</span> <span class='ocrx_word' id='word_1_290' title='bbox 807 4149 904 4220; x_wconf 87' lang='lat' dir='ltr'>plures</span> <span class='ocrx_word' id='word_1_291' title='bbox 926 4148 963 4202; x_wconf 90' lang='lat' dir='ltr'>de</span> <span class='ocrx_word' id='word_1_292' title='bbox 986 4148 1168 4204; x_wconf 89' lang='lat' dir='ltr'>naturalibus</span> <span class='ocrx_word' id='word_1_293' title='bbox 1194 4150 1367 4215; x_wconf 86' lang='lat' dir='ltr'>inseruistis,</span> <span class='ocrx_word' id='word_1_294' title='bbox 1394 4149 1521 4204; x_wconf 84' lang='lat' dir='ltr'>savorem</span> <span class='ocrx_word' id='word_1_295' title='bbox 1547 4148 1716 4204; x_wconf 85' lang='lat' dir='ltr'>exhibentes</span> <span class='ocrx_word' id='word_1_296' title='bbox 1742 4148 1770 4203; x_wconf 94' lang='lat' dir='ltr'>in</span> 
     </span>
     <span class='ocr_line' id='line_1_31' title="bbox 437 4237 1770 4312; baseline 0 -19"><span class='ocrx_word' id='word_1_297' title='bbox 437 4239 571 4312; x_wconf 88' lang='lat' dir='ltr'>pluribus</span> <span class='ocrx_word' id='word_1_298' title='bbox 583 4237 659 4294; x_wconf 85' lang='lat' dir='ltr'>sacto</span> <span class='ocrx_word' id='word_1_299' title='bbox 671 4250 789 4302; x_wconf 88' lang='lat' dir='ltr'>nostro;</span> <span class='ocrx_word' id='word_1_300' title='bbox 805 4238 833 4292; x_wconf 89' lang='lat' dir='ltr'>in</span> <span class='ocrx_word' id='word_1_301' title='bbox 848 4238 911 4292; x_wconf 90' lang='lat' dir='ltr'>aliis</span> <span class='ocrx_word' id='word_1_302' title='bbox 923 4251 1020 4294; x_wconf 90' lang='lat' dir='ltr'>autem</span> <span class='ocrx_word' id='word_1_303' title='bbox 1033 4238 1116 4294; x_wconf 89' lang='lat' dir='ltr'>vobis</span> <span class='ocrx_word' id='word_1_304' title='bbox 1129 4239 1265 4311; x_wconf 87' lang='lat' dir='ltr'>apparuit</span> <span class='ocrx_word' id='word_1_305' title='bbox 1279 4239 1409 4295; x_wconf 90' lang='lat' dir='ltr'>mirabile</span> <span class='ocrx_word' id='word_1_306' title='bbox 1422 4238 1531 4294; x_wconf 85' lang='lat' dir='ltr'>lactum</span> <span class='ocrx_word' id='word_1_307' title='bbox 1544 4255 1616 4305; x_wconf 91' lang='lat' dir='ltr'>esse,</span> <span class='ocrx_word' id='word_1_308' title='bbox 1628 4250 1770 4310; x_wconf 87' lang='lat' dir='ltr'>tanquam</span> 
     </span>
     <span class='ocr_line' id='line_1_32' title="bbox 436 4326 1772 4401; baseline -0.001 -17"><span class='ocrx_word' id='word_1_309' title='bbox 436 4327 645 4400; x_wconf 89' lang='lat' dir='ltr'>condempnati</span> <span class='ocrx_word' id='word_1_310' title='bbox 668 4339 765 4383; x_wconf 86' lang='lat' dir='ltr'>essent</span> <span class='ocrx_word' id='word_1_311' title='bbox 784 4326 896 4382; x_wconf 87' lang='lat' dir='ltr'>articuli</span> <span class='ocrx_word' id='word_1_312' title='bbox 915 4343 975 4382; x_wconf 89' lang='lat' dir='ltr'>non</span> <span class='ocrx_word' id='word_1_313' title='bbox 997 4327 1189 4399; x_wconf 90' lang='lat' dir='ltr'>dampnandi.</span> <span class='ocrx_word' id='word_1_314' title='bbox 1210 4329 1273 4384; x_wconf 88' lang='lat' dir='ltr'>Hoc</span> <span class='ocrx_word' id='word_1_315' title='bbox 1294 4329 1382 4400; x_wconf 83' lang='lat' dir='ltr'>igitur</span> <span class='ocrx_word' id='word_1_316' title='bbox 1403 4328 1567 4401; x_wconf 90' lang='lat' dir='ltr'>paternitati</span> <span class='ocrx_word' id='word_1_317' title='bbox 1587 4340 1680 4384; x_wconf 88' lang='lat' dir='ltr'>vestre</span> <span class='ocrx_word' id='word_1_318' title='bbox 1698 4328 1772 4384; x_wconf 88' lang='lat' dir='ltr'>noti-</span> 
     </span>
     <span class='ocr_line' id='line_1_33' title="bbox 437 4416 1770 4489; baseline 0 -16"><span class='ocrx_word' id='word_1_319' title='bbox 437 4419 502 4484; x_wconf 87' lang='lat' dir='ltr'>lico,</span> <span class='ocrx_word' id='word_1_320' title='bbox 519 4417 600 4489; x_wconf 91' lang='lat' dir='ltr'>quod</span> <span class='ocrx_word' id='word_1_321' title='bbox 617 4416 789 4488; x_wconf 90' lang='lat' dir='ltr'>dampnatio</span> <span class='ocrx_word' id='word_1_322' title='bbox 805 4417 843 4471; x_wconf 91' lang='lat' dir='ltr'>ibi</span> <span class='ocrx_word' id='word_1_323' title='bbox 864 4416 938 4472; x_wconf 84' lang='lat' dir='ltr'>lacta</span> <span class='ocrx_word' id='word_1_324' title='bbox 954 4433 1012 4472; x_wconf 89' lang='lat' dir='ltr'>non</span> <span class='ocrx_word' id='word_1_325' title='bbox 1034 4417 1090 4473; x_wconf 84' lang='lat' dir='ltr'>luit</span> <span class='ocrx_word' id='word_1_326' title='bbox 1109 4418 1183 4484; x_wconf 74' lang='lat' dir='ltr'>talia,</span> <span class='ocrx_word' id='word_1_327' title='bbox 1200 4418 1354 4489; x_wconf 89' lang='lat' dir='ltr'>quomodo</span> <span class='ocrx_word' id='word_1_328' title='bbox 1369 4420 1478 4474; x_wconf 92' lang='lat' dir='ltr'>solebat</span> <span class='ocrx_word' id='word_1_329' title='bbox 1493 4435 1555 4474; x_wconf 90' lang='lat' dir='ltr'>csse</span> <span class='ocrx_word' id='word_1_330' title='bbox 1569 4435 1770 4489; x_wconf 86' lang='lat' dir='ltr'>expressarum</span> 
     </span>
     <span class='ocr_line' id='line_1_34' title="bbox 438 4506 1771 4579; baseline -0.001 -16"><span class='ocrx_word' id='word_1_331' title='bbox 438 4510 582 4574; x_wconf 88' lang='lat' dir='ltr'>heresum,</span> <span class='ocrx_word' id='word_1_332' title='bbox 600 4507 648 4563; x_wconf 89' lang='lat' dir='ltr'>sed</span> <span class='ocrx_word' id='word_1_333' title='bbox 666 4506 721 4562; x_wconf 86' lang='lat' dir='ltr'>luit</span> <span class='ocrx_word' id='word_1_334' title='bbox 741 4507 900 4579; x_wconf 88' lang='lat' dir='ltr'>prohibitio</span> <span class='ocrx_word' id='word_1_335' title='bbox 916 4506 944 4561; x_wconf 90' lang='lat' dir='ltr'>in</span> <span class='ocrx_word' id='word_1_336' title='bbox 964 4507 1050 4563; x_wconf 90' lang='lat' dir='ltr'>scolis</span> <span class='ocrx_word' id='word_1_337' title='bbox 1065 4507 1288 4563; x_wconf 89' lang='lat' dir='ltr'>determinando</span> <span class='ocrx_word' id='word_1_338' title='bbox 1303 4510 1346 4563; x_wconf 89' lang='lat' dir='ltr'>vel</span> <span class='ocrx_word' id='word_1_339' title='bbox 1367 4508 1489 4579; x_wconf 88' lang='lat' dir='ltr'>legendo</span> <span class='ocrx_word' id='word_1_340' title='bbox 1504 4511 1546 4563; x_wconf 89' lang='lat' dir='ltr'>vel</span> <span class='ocrx_word' id='word_1_341' title='bbox 1566 4508 1637 4563; x_wconf 88' lang='lat' dir='ltr'>alias</span> <span class='ocrx_word' id='word_1_342' title='bbox 1651 4508 1771 4579; x_wconf 82' lang='lat' dir='ltr'>dogma-</span> 
     </span>
     <span class='ocr_line' id='line_1_35' title="bbox 437 4596 1770 4670; baseline -0.001 -17"><span class='ocrx_word' id='word_1_343' title='bbox 437 4597 555 4653; x_wconf 90' lang='lat' dir='ltr'>tizando</span> <span class='ocrx_word' id='word_1_344' title='bbox 570 4598 637 4652; x_wconf 90' lang='lat' dir='ltr'>talia</span> <span class='ocrx_word' id='word_1_345' title='bbox 650 4596 795 4653; x_wconf 88' lang='lat' dir='ltr'>asserendi</span> <span class='ocrx_word' id='word_1_346' title='bbox 809 4613 815 4661; x_wconf 92' lang='lat'>;</span> <span class='ocrx_word' id='word_1_347' title='bbox 837 4608 901 4652; x_wconf 94' lang='lat' dir='ltr'>tum</span> <span class='ocrx_word' id='word_1_348' title='bbox 918 4597 987 4668; x_wconf 87' lang='lat' dir='ltr'>quia</span> <span class='ocrx_word' id='word_1_349' title='bbox 1002 4597 1123 4667; x_wconf 84' lang='lat' dir='ltr'>quidam</span> <span class='ocrx_word' id='word_1_350' title='bbox 1140 4611 1210 4654; x_wconf 88' lang='lat' dir='ltr'>sunt</span> <span class='ocrx_word' id='word_1_351' title='bbox 1225 4599 1378 4653; x_wconf 86' lang='lat' dir='ltr'>manifeste</span> <span class='ocrx_word' id='word_1_352' title='bbox 1394 4597 1467 4665; x_wconf 90' lang='lat' dir='ltr'>falsi,</span> <span class='ocrx_word' id='word_1_353' title='bbox 1484 4612 1547 4654; x_wconf 92' lang='lat' dir='ltr'>turn</span> <span class='ocrx_word' id='word_1_354' title='bbox 1564 4598 1633 4670; x_wconf 89' lang='lat' dir='ltr'>quia</span> <span class='ocrx_word' id='word_1_355' title='bbox 1648 4598 1770 4669; x_wconf 89' lang='lat' dir='ltr'>quidam</span> 
     </span>
     <span class='ocr_line' id='line_1_36' title="bbox 437 4686 1771 4759; baseline 0.001 -17"><span class='ocrx_word' id='word_1_356' title='bbox 437 4700 507 4743; x_wconf 90' lang='lat' dir='ltr'>sunt</span> <span class='ocrx_word' id='word_1_357' title='bbox 522 4686 632 4743; x_wconf 88' lang='lat' dir='ltr'>veritati</span> <span class='ocrx_word' id='word_1_358' title='bbox 653 4686 856 4759; x_wconf 85' lang='lat' dir='ltr'>philosophice</span> <span class='ocrx_word' id='word_1_359' title='bbox 874 4687 959 4752; x_wconf 87' lang='lat' dir='ltr'>devii,</span> <span class='ocrx_word' id='word_1_360' title='bbox 979 4698 1042 4742; x_wconf 92' lang='lat' dir='ltr'>turn</span> <span class='ocrx_word' id='word_1_361' title='bbox 1062 4687 1131 4757; x_wconf 87' lang='lat' dir='ltr'>quia</span> <span class='ocrx_word' id='word_1_362' title='bbox 1149 4687 1271 4758; x_wconf 91' lang='lat' dir='ltr'>quidam</span> <span class='ocrx_word' id='word_1_363' title='bbox 1291 4700 1361 4743; x_wconf 91' lang='lat' dir='ltr'>sunt</span> <span class='ocrx_word' id='word_1_364' title='bbox 1377 4688 1524 4744; x_wconf 89' lang='lat' dir='ltr'>erroribus</span> <span class='ocrx_word' id='word_1_365' title='bbox 1540 4687 1771 4744; x_wconf 88' lang='lat' dir='ltr'>intolerabilibus</span> 
     </span>
     <span class='ocr_line' id='line_1_37' title="bbox 438 4775 1771 4850; baseline 0.003 -20"><span class='ocrx_word' id='word_1_366' title='bbox 438 4776 571 4848; x_wconf 82' lang='lat' dir='ltr'>proximi,</span> <span class='ocrx_word' id='word_1_367' title='bbox 596 4788 660 4831; x_wconf 92' lang='lat' dir='ltr'>tum</span> <span class='ocrx_word' id='word_1_368' title='bbox 684 4776 753 4847; x_wconf 91' lang='lat' dir='ltr'>quia</span> <span class='ocrx_word' id='word_1_369' title='bbox 775 4775 897 4846; x_wconf 88' lang='lat' dir='ltr'>quidam</span> <span class='ocrx_word' id='word_1_370' title='bbox 922 4788 992 4831; x_wconf 90' lang='lat' dir='ltr'>sunt</span> <span class='ocrx_word' id='word_1_371' title='bbox 1014 4776 1195 4848; x_wconf 89' lang='lat' dir='ltr'>apertissime</span> <span class='ocrx_word' id='word_1_372' title='bbox 1218 4777 1322 4848; x_wconf 89' lang='lat' dir='ltr'>iniqui,</span> <span class='ocrx_word' id='word_1_373' title='bbox 1346 4778 1416 4848; x_wconf 91' lang='lat' dir='ltr'>quia</span> <span class='ocrx_word' id='word_1_374' title='bbox 1438 4777 1504 4833; x_wconf 89' lang='lat' dir='ltr'>fidei</span> <span class='ocrx_word' id='word_1_375' title='bbox 1525 4778 1665 4834; x_wconf 85' lang='lat' dir='ltr'>catholice</span> <span class='ocrx_word' id='word_1_376' title='bbox 1689 4794 1771 4850; x_wconf 91' lang='lat' dir='ltr'>repu-</span> 
     </span>
     <span class='ocr_line' id='line_1_38' title="bbox 437 4865 1772 4939; baseline 0.001 -19"><span class='ocrx_word' id='word_1_377' title='bbox 437 4877 558 4936; x_wconf 88' lang='lat' dir='ltr'>gnantes</span> <span class='ocrx_word' id='word_1_378' title='bbox 586 4866 626 4936; x_wconf 80' lang='lat' dir='ltr'>(p.</span> <span class='ocrx_word' id='word_1_379' title='bbox 652 4865 724 4937; x_wconf 75' lang='lat'>614).</span> <span class='ocrx_word' id='word_1_380' title='bbox 757 4865 973 4920; x_wconf 85' lang='lat' dir='ltr'>L’observation</span> <span class='ocrx_word' id='word_1_381' title='bbox 998 4865 1034 4920; x_wconf 93' lang='lat' dir='ltr'>de</span> <span class='ocrx_word' id='word_1_382' title='bbox 1060 4865 1225 4938; x_wconf 86' lang='lat' dir='ltr'>Kilwardby</span> <span class='ocrx_word' id='word_1_383' title='bbox 1250 4879 1293 4922; x_wconf 89' lang='lat' dir='ltr'>est</span> <span class='ocrx_word' id='word_1_384' title='bbox 1319 4866 1409 4936; x_wconf 84' lang='lat' dir='ltr'>juste,</span> <span class='ocrx_word' id='word_1_385' title='bbox 1437 4867 1455 4922; x_wconf 93' lang='lat' dir='ltr'>il</span> <span class='ocrx_word' id='word_1_386' title='bbox 1482 4867 1558 4922; x_wconf 90' lang='lat' dir='ltr'>avait</span> <span class='ocrx_word' id='word_1_387' title='bbox 1584 4868 1772 4939; x_wconf 89' lang='lat' dir='ltr'>simplement</span> 
     </span>
     <span class='ocr_line' id='line_1_39' title="bbox 438 4954 1769 5029; baseline 0.001 -21"><span class='ocrx_word' id='word_1_388' title='bbox 438 4954 560 5026; x_wconf 77' lang='lat' dir='ltr'>prohibe</span> <span class='ocrx_word' id='word_1_389' title='bbox 576 4954 812 5025; x_wconf 84' lang='lat' dir='ltr'>l’enseignement</span> <span class='ocrx_word' id='word_1_390' title='bbox 826 4954 877 5010; x_wconf 89' lang='lat' dir='ltr'>des</span> <span class='ocrx_word' id='word_1_391' title='bbox 892 4954 1004 5009; x_wconf 90' lang='lat' dir='ltr'>articles</span> <span class='ocrx_word' id='word_1_392' title='bbox 1018 4954 1209 5021; x_wconf 88' lang='lat' dir='ltr'>condamnes,</span> <span class='ocrx_word' id='word_1_393' title='bbox 1227 4955 1329 5010; x_wconf 79' lang='lat' dir='ltr'>Clart.</span> <span class='ocrx_word' id='word_1_394' title='bbox 1349 4956 1435 5012; x_wconf 73' lang='lat' dir='ltr'>ttniv.</span> <span class='ocrx_word' id='word_1_395' title='bbox 1450 4957 1561 5022; x_wconf 71' lang='lat' dir='ltr'>Paris„</span> <span class='ocrx_word' id='word_1_396' title='bbox 1579 4957 1599 5023; x_wconf 89' lang='lat' dir='ltr'>l,</span> <span class='ocrx_word' id='word_1_397' title='bbox 1616 4974 1643 5029; x_wconf 91' lang='lat' dir='ltr'>p.</span> <span class='ocrx_word' id='word_1_398' title='bbox 1660 4957 1769 5028; x_wconf 82' lang='lat'><strong>588·89,</strong></span> 
     </span>
     <span class='ocr_line' id='line_1_40' title="bbox 437 5042 1767 5117; baseline 0.001 -18"><span class='ocrx_word' id='word_1_399' title='bbox 437 5042 534 5099; x_wconf 88' lang='lat' dir='ltr'>tandis</span> <span class='ocrx_word' id='word_1_400' title='bbox 552 5059 610 5114; x_wconf 90' lang='lat' dir='ltr'>que</span> <span class='ocrx_word' id='word_1_401' title='bbox 628 5042 766 5116; x_wconf 90' lang='lat' dir='ltr'>Tempier</span> <span class='ocrx_word' id='word_1_402' title='bbox 783 5042 859 5101; x_wconf 88' lang='lat' dir='ltr'>avait</span> <span class='ocrx_word' id='word_1_403' title='bbox 877 5043 1084 5102; x_wconf 81' lang='lat' dir='ltr'>excommunie</span> <span class='ocrx_word' id='word_1_404' title='bbox 1105 5046 1144 5103; x_wconf 90' lang='lat' dir='ltr'>les</span> <span class='ocrx_word' id='word_1_405' title='bbox 1166 5045 1282 5102; x_wconf 83' lang='lat' dir='ltr'>marnes</span> <span class='ocrx_word' id='word_1_406' title='bbox 1301 5045 1351 5116; x_wconf 92' lang='lat' dir='ltr'>qui</span> <span class='ocrx_word' id='word_1_407' title='bbox 1372 5046 1411 5101; x_wconf 90' lang='lat' dir='ltr'>les</span> <span class='ocrx_word' id='word_1_408' title='bbox 1428 5046 1665 5117; x_wconf 83' lang='lat' dir='ltr'>enseigneraient.</span> <span class='ocrx_word' id='word_1_409' title='bbox 1690 5046 1721 5099; x_wconf 85' lang='lat' dir='ltr'>L.</span> <span class='ocrx_word' id='word_1_410' title='bbox 1743 5061 1767 5100; x_wconf 91' lang='lat' dir='ltr'>c.</span> 
     </span>
    </p>
   </div>
   <div class='ocr_carea' id='block_1_4' title="bbox 439 5132 553 5209">
    <p class='ocr_par' dir='ltr' id='par_1_7' title="bbox 439 5132 553 5209">
     <span class='ocr_line' id='line_1_41' title="bbox 439 5132 553 5209; baseline 0.026 -23"><span class='ocrx_word' id='word_1_411' title='bbox 439 5149 467 5209; x_wconf 86' lang='lat' dir='ltr'>p.</span> <span class='ocrx_word' id='word_1_412' title='bbox 493 5132 553 5201; x_wconf 78' lang='lat'>543.</span> 
     </span>
    </p>
   </div>
   <div class='ocr_carea' id='block_1_5' title="bbox 0 0 2451 6546">
    <p class='ocr_par' dir='ltr' id='par_1_8' title="bbox 0 0 2451 6546">
     <span class='ocr_line' id='line_1_42' title="bbox 0 0 2451 6546; baseline 0 0"><span class='ocrx_word' id='word_1_413' title='bbox 0 0 2451 6546; x_wconf 95' lang='lat' dir='ltr'> </span> 
     </span>
    </p>
   </div>
  </div>
 </body>
</html>
