4880 6546
1619 895 1733 938 CCXXXl

402 1068 445 1133 de
469 1088 534 1134 son
560 1066 649 1147 chte',
673 1087 742 1154 que
769 1065 839 1133 l'on
869 1085 912 1131 ne
937 1064 1012 1131 doit
1037 1084 1099 1151 pas
1125 1064 1218 1131 tenir
1242 1078 1383 1152 compte
1408 1064 1469 1130 des
1494 1064 1735 1152 propositions

402 1183 654 1263 condamnees,
677 1203 737 1249 car
753 1181 837 1248 elles
859 1180 946 1248 l'ont
965 1180 1018 1247 ete
1040 1201 1122 1246 sans
1143 1201 1212 1267 que
1233 1194 1314 1246 tous
1336 1179 1384 1246 les
1407 1181 1550 1246 maltres
1571 1181 1613 1246 de
1636 1180 1735 1247 Paris

403 1297 540 1364 fussent
567 1298 783 1384 convoques,
813 1311 846 1363 et
874 1298 893 1362 a
921 1296 954 1362 la
983 1297 1123 1384 requete
1150 1298 1193 1362 de
1221 1295 1393 1382 quelques
1421 1296 1506 1363 tetes
1534 1296 1683 1363 bornees
1709 1302 1731 1360 1.

492 1415 558 1480 Ces
583 1414 733 1500 paroles‚
753 1434 849 1479 assez
875 1414 981 1480 dures
1006 1413 1026 1478 a
1050 1412 1178 1499 l’egard
1200 1413 1261 1478 des
1285 1425 1512 1499 promoteurs
1531 1413 1573 1478 de
1601 1410 1632 1478 la
1652 1432 1734 1478 con-

403 1529 627 1608 damnation,
644 1550 735 1595 nous
751 1527 829 1596 font
843 1528 1035 1616 pressentir
1048 1550 1116 1615 que
1129 1530 1219 1594 dans
1237 1527 1269 1594 la
1286 1527 1412 1615 pensee
1429 1528 1476 1593 du
1491 1527 1641 1613 critique
1659 1525 1735 1592 leur

403 1667 526 1712 oeuvre
548 1644 667 1711 n'etait
688 1645 723 1711 ni
746 1666 794 1711 un
817 1645 953 1711 modele
972 1645 1015 1710 de
1035 1644 1171 1711 science
1193 1644 1227 1709 ni
1248 1645 1290 1710 de
1309 1644 1501 1731 prudence.
1517 1642 1625 1709 Gilles
1645 1662 1735 1709 nous

403 1762 454 1828 dit
468 1784 510 1828 en
525 1761 606 1828 ellet
620 1761 783 1828 ailleurs:
798 1763 930 1829 «Nous
946 1761 1094 1827 aurions
1110 1761 1202 1827 aime
1220 1782 1288 1847 que
1302 1781 1358 1826 ces
1375 1759 1514 1826 articles
1527 1773 1670 1826 eussent
1682 1759 1735 1825 ete

403 1878 584 1945 ordonnes
609 1899 691 1945 avec
710 1898 779 1944 une
796 1877 876 1965 plus
895 1881 996 1944 mure
1014 1877 1205 1968 reflexion3
1229 1891 1262 1943 et
1284 1877 1455 1964 peut-etse
1477 1896 1603 1942 encore
1624 1875 1733 1962 qu'on

403 2016 446 2061 en
470 1998 530 2061 eut
553 1995 673 2060 mieux
692 1994 773 2081 juge
800 1994 889 2060 dans
915 1993 948 2059 la
974 1993 1064 2059 suite
1085 2000 1107 2058 2.
1127 2018 1148 2057 ›>
1174 1992 1352 2081 Godelroy
1375 1993 1436 2059 des
1460 1993 1665 2072 Fontaines,
1685 2012 1733 2056 un

405 2114 531 2178 maltre
553 2110 702 2177 seculier
723 2112 765 2176 de
788 2109 819 2176 la
841 2108 969 2176 faculte
990 2112 1031 2176 de
1052 2109 1227 2196 theologie
1248 2123 1281 2176 et
1303 2131 1352 2175 un
1376 2102 1575 2176 adversaiie
1596 2107 1734 2176 dectare

404 2231 464 2295 des
482 2230 613 2295 Ordres
627 2226 842 2306 Mendiants,
855 2246 919 2313 par
935 2226 1154 2312 consequent
1171 2247 1237 2313 peu
1255 2240 1395 2313 suspect
1408 2227 1496 2291 dans
1511 2225 1542 2291 la
1555 2224 1733 2312 question,

405 2343 468 2411 fait
490 2365 559 2411 une
576 2344 727 2429 critique
748 2343 825 2409 vive
847 2356 879 2409 et
901 2341 1058 2409 detaitlee
1079 2343 1140 2408 des
1162 2343 1402 2430 propositions
1419 2343 1461 2408 de
1480 2363 1575 2428 1277,
1593 2363 1637 2408 en
1659 2355 1736 2407 tant

404 2461 549 2549 qu'elles
572 2461 778 2528 touchaient
799 2461 831 2526 la
853 2459 1012 2526 doctrine
1034 2461 1075 2527 de
1097 2461 1260 2526 Thomas
1283 2460 1454 2545 d'llquin,
1473 2458 1559 2545 qu’il
1588 2480 1630 2524 ne
1656 2479 1736 2546 pro-

405 2577 524 2645 fessait
540 2576 720 2644 d'ailleurs
735 2597 798 2664 pas
816 2577 1012 2643 lui-meme.
1033 2576 1059 2641 ll
1080 2597 1219 2656 excuse,
1244 2576 1267 2641 il
1285 2590 1337 2642 est
1352 2576 1441 2656 vrai,
1465 2575 1514 2642 les
1536 2575 1736 2642 redacteurs

406 2698 448 2762 de
473 2696 505 2761 la
526 2694 808 2762 condamnation
830 2715 872 2760 en
896 2691 1025 2760 faisant
1042 2693 1154 2760 valoir
1176 2692 1225 2759 les
1245 2694 1334 2758 abus
1354 2693 1396 2758 de
1417 2691 1569 2759 certains
1592 2692 1736 2758 maltres

404 2814 441 2878 es
462 2826 534 2877 arts
555 2810 617 2898 qui
641 2810 838 2877 tombaient
858 2811 947 2876 dans
969 2810 1126 2888 l'erreur‚
1148 2823 1181 2875 et
1204 2808 1298 2875 aussi
1324 2807 1410 2894 qu'il
1440 2807 1523 2874 etait
1546 2808 1566 2873 a
1591 2828 1734 2894 propOS,

405 2948 497 3016 pour
517 2928 566 2994 les
593 2927 714 2993 mieux
739 2940 992 3008 contrecarrer3
1010 2925 1191 2993 d’exceder
1216 2925 1306 2990 dans
1334 2924 1364 2989 le
1393 2944 1474 2989 sens
1501 2923 1677 2991 contraire
1698 2928 1711 2965 ³
1725 2946 1734 3006 ;

494 3188 503 3219 ¹
524 3185 601 3241 Nihil
623 3201 684 3241 esse
704 3183 869 3239 curandum
891 3183 937 3255 (de
957 3183 1086 3239 articulis
1106 3182 1332 3253 condemnatis),
1352 3181 1421 3253 quia
1442 3181 1561 3236 fuerunt
1578 3180 1656 3247 lacti,
1677 3196 1736 3235 non

404 3276 573 3331 convocatis
588 3275 729 3330 omnibus
745 3262 921 3329 Doctoribus
937 3272 1157 3339 ParislensibuS,
1178 3272 1226 3327 sed
1247 3272 1282 3326 ad
1303 3269 1522 3342 requisitionem
1538 3269 1736 3341 quorumdam

405 3365 793 3437 Capitusorumalohannes
814 3364 900 3419 Picus
920 3363 1154 3427 Mirandulanus‚
1175 3361 1337 3433 Apologia,
1359 3372 1471 3431 quaest.
1494 3360 1514 3424 Ι,
1535 3360 1576 3413 De
1594 3359 1736 3415 descensu

405 3455 512 3510 Christi
526 3454 561 3509 ad
573 3454 692 3509 inferos.
706 3454 768 3510 Cite
782 3470 832 3525 par
846 3455 885 3509 De
898 3453 1016 3518 Rubeis,
1031 3452 1075 3506 De
1085 3452 1179 3524 gestis
1191 3459 1220 3506 et
1232 3449 1354 3522 scriptis
1364 3450 1395 3504 S.
1413 3450 1555 3514 Thomna,
1569 3449 1644 3504 Diss.
1658 3466 1736 3513 xxiv,
1823 3461 1826 3467 ’

404 3561 468 3617 cap.
488 3563 507 3611 1,
528 3561 555 3616 p.
576 3561 637 3615 247,
653 3556 680 3599 et
698 3544 875 3614 d’hrgentre,
892 3542 1035 3597 Collectio
1045 3539 1232 3612 judiciorum
1251 3541 1288 3594 de
1306 3539 1389 3595 novis
1407 3539 1571 3603 erroribus,
1589 3539 1610 3603 l,
1631 3555 1659 3610 p.
1675 3539 1736 3603 213,

405 3635 457 3707 qui
478 3635 509 3690 lit
528 3634 735 3706 Capitosorum
756 3645 784 3688 et
804 3632 915 3687 deciate
935 3632 1004 3703 qu'il
1027 3633 1072 3686 n’a
1094 3647 1144 3703 pas
1165 3631 1267 3685 trouve
1287 3631 1311 3685 le
1332 3642 1406 3684 texte
1427 3628 1500 3683 dans
1521 3628 1666 3700 plusieurs
1687 3627 1737 3682 des

405 3724 490 3780 ecrits
508 3723 544 3778 de
562 3724 650 3778 Gilles
668 3723 703 3777 de
723 3723 825 3777 Rome.
845 3722 918 3776 Mais
936 3722 996 3776 rien
1016 3722 1183 3792 n'empeche
1201 3736 1258 3791 que
1276 3721 1301 3773 le
1318 3730 1394 3774 texte
1412 3734 1447 3772 ne
1465 3717 1522 3773 soit
1539 3716 1575 3771 de
1593 3717 1698 3781 Gilles;
1719 3716 1736 3770 il

404 3826 448 3869 est
472 3831 507 3869 en
533 3826 599 3869 tout
622 3828 671 3867 cas
694 3812 764 3867 d’un
788 3810 1008 3882 contemporain
1032 3810 1196 3879 renseigne,
1220 3820 1307 3881 ayant
1331 3807 1536 3879 specialement
1558 3822 1594 3861 en
1617 3822 1673 3861 vue
1698 3806 1737 3861 les

405 3905 518 3959 articles
538 3904 589 3975 qui
610 3901 779 3957 touchaient
799 3903 824 3955 la
844 3899 976 3955 doctrine
995 3900 1030 3954 de
1044 3900 1177 3955 Thomas
1196 3898 1335 3970 d'hquin.

494 3993 671 4047 'Vellemus
692 4004 800 4055 autem,
820 3990 901 4062 quod
923 3989 1073 4045 maturiori
1092 3988 1216 4044 consilio
1236 3987 1349 4044 articuli
1370 3986 1409 4041 illi
1431 3985 1555 4042 ordinati
1576 3996 1689 4049 essent;
1711 3997 1738 4040 et

405 4083 504 4138 adhuc
527 4082 599 4137 forte
622 4081 658 4135 de
679 4081 719 4135 eis
744 4079 772 4134 in
798 4092 947 4152 posterum
971 4078 1128 4134 consilium
1152 4078 1260 4133 sanius.
1287 4076 1468 4147 D'Argentre,
1494 4074 1639 4129 Colleclio
1656 4073 1739 4145 judi-

406 4171 533 4237 ciorum,
552 4171 573 4237 l,
591 4188 619 4243 p.
635 4171 696 4225 213.

495 4259 507 4291 ³
526 4260 605 4315 Licet
623 4259 760 4332 praedicti
779 4258 890 4314 articuli
909 4258 978 4313 editi
997 4257 1104 4313 luerint
1122 4273 1138 4310 a
1156 4255 1223 4311 viris
1239 4255 1429 4327 sapientibus,
1447 4254 1642 4309 nihilominus
1658 4269 1739 4309 nunc
1759 4325 1765 4334 ·

405 4350 542 4406 videntur
567 4349 748 4420 corrigendi;
777 4360 805 4403 et
830 4360 957 4420 possunt
983 4346 1190 4403 rationabiliter
1215 4345 1345 4400 excusari
1371 4344 1452 4416 quod
1479 4344 1574 4399 dictos
1599 4342 1738 4399 articulos
1789 4332 1793 4345 '

405 4440 570 4507 ediderunt,
587 4440 653 4494 licet
667 4440 778 4495 factum
793 4454 895 4493 eorum
912 4454 991 4492 nunc
1009 4437 1046 4492 sit
1061 4435 1276 4506 corrigendum.
1293 4435 1369 4504 Quia
1385 4451 1437 4507 pro
1453 4447 1583 4506 tempore
1602 4434 1668 4499 isto,
1686 4448 1738 4505 pro

406 4547 467 4603 quo
490 4530 558 4586 editi
580 4542 659 4595 sunt,
682 4530 778 4600 plures
799 4540 826 4584 et
847 4528 1000 4600 praecipue
1022 4526 1136 4581 artistae
1155 4525 1231 4579 circa
1252 4524 1385 4580 materias
1408 4524 1525 4579 illorum
1546 4524 1737 4579 articulorum

407 4622 470 4677 sine
492 4621 618 4676 termino
641 4617 761 4673 rationis
784 4618 896 4689 seipsos
919 4616 1044 4673 nimium
1068 4614 1267 4680 effundebant,
1291 4627 1318 4669 et
1340 4614 1515 4669 videbantur
1536 4613 1613 4668 dicta
1635 4630 1738 4668 eorum

407 4710 496 4766 nimis
520 4709 663 4765 declinare
686 4708 722 4762 ad
745 4723 863 4762 errores.
892 4707 926 4762 Et
952 4706 1017 4761 ideo
1042 4721 1094 4777 pro
1122 4717 1252 4776 tempore
1278 4704 1334 4760 isto
1360 4703 1492 4775 oportuit
1514 4703 1550 4757 ad
1575 4716 1737 4758 extremum

407 4800 587 4855 contrarium
612 4797 704 4868 magis
729 4795 889 4862 declinare,
915 4796 1078 4851 secundum
1104 4794 1268 4850 doctrinam
1293 4793 1477 4865 Philosophi,
1503 4810 1517 4847 a
1544 4793 1637 4847 Ethic.
1664 4791 1739 4846 circa

407 4887 643 4944 rectificationem
663 4886 868 4951 terminorum,
889 4898 917 4941 et
936 4885 1033 4956 aliqua
1050 4901 1125 4955 quae
1141 4886 1254 4939 bonum
1270 4896 1297 4939 et
1312 4899 1417 4939 sanum
1437 4883 1627 4947 intellectum,
1648 4896 1737 4952 quem

406 4979 494 5034 etiam
519 4978 675 5048 importare
700 4988 835 5048 possunt,
858 4974 988 5046 oportuit
1010 4974 1216 5039 condemnare,
1240 4985 1273 5028 ut
1295 4989 1344 5044 per
1368 4974 1424 5027 hoc
1448 4971 1540 5042 magis
1563 4982 1740 5026 conarentur

407 5067 444 5121 ab
461 5082 495 5121 eo
513 5066 594 5137 quod
613 5066 688 5119 circa
702 5067 757 5119 hoc
776 5077 888 5135 poterat
905 5080 968 5120 esse
985 5079 1149 5130 erroneum,
1170 5080 1199 5118 se
1217 5063 1369 5127 retrahere,
1388 5075 1415 5118 et
1429 5061 1576 5117 veritatem
1596 5059 1738 5116 sinceram

408 5167 512 5213 tenere.
530 5156 713 5227 D’Argentre,
732 5154 875 5210 Collectio
885 5152 1084 5224 judiciorum,
1104 5153 1124 5221 l,
1142 5169 1170 5227 p.
1187 5152 1248 5209 216.
