4892 6540
1259 935 1299 944 -
1342 852 1463 960 26’-

693 1103 810 1159 vnum‚
832 1084 939 1147 fluunt
956 1084 1022 1147 1ab
1039 1104 1104 1147 vno
1123 1083 1234 1167 aliquo
1253 1088 1266 1126 ²
1288 1086 1321 1146 in
1341 1103 1408 1167 quo
1427 1083 1546 1147 similia
1567 1096 1644 1147 sunt
1662 1098 1748 1160 actu,
1768 1097 1798 1148 et
1816 1088 1891 1149 estl
1910 1085 2028 1169 perfec·

692 1204 762 1254 tum
777 1213 785 1267 ;
813 1192 858 1253 sic
884 1191 1004 1274 species
1029 1212 1047 1254 a
1073 1210 1199 1273 genere,
1220 1191 1265 1254 sic
1292 1204 1369 1254 sunt
1395 1190 1567 1254 indiuidua
1592 1212 1610 1254 a
1636 1192 1813 1274 speciebus.
1839 1192 1892 1256 Sic
1918 1196 2027 1257 omnis

694 1298 917 1382 multiplicitas
936 1299 1033 1361 trahit
1052 1318 1085 1361 se
1105 1298 1136 1361 in
1159 1299 1327 1361 vnitatem.
1349 1297 1533 1378 Queramus
1552 1318 1627 1381 ergo
1645 1299 1687 1362 ab
1707 1300 1775 1362 istis
1790 1300 1816 1362 si
1837 1300 1898 1363 hoc
1916 1320 2028 1383 capere

693 1418 797 1487 potest
820 1405 939 1489 aliquis
963 1404 1142 1469 intellectus
1166 1405 1253 1488 quod
1278 1407 1423 1487 primum
1447 1405 1604 1468 omnibus
1628 1406 1713 1469 hanc
1737 1407 1853 1469 influat
1877 1407 2027 1470 similitu-

649 1530 662 1574 s
692 1512 803 1575 dinem
825 1513 889 1575 iam
911 1512 1122 1576 existentibus
1143 1515 1176 1575 in
1198 1525 1313 1575 natura
1332 1524 1363 1574 et
1381 1532 1469 1589 esse;
1485 1525 1515 1575 et
1534 1527 1659 1577 constat
1673 1513 1761 1596 quod
1782 1533 1848 1577 non
1869 1527 1916 1578 est
1935 1514 2027 1577 intel-

691 1619 825 1702 ligibile.
857 1619 993 1703 Oportet
1019 1639 1093 1703 ergo
1121 1619 1209 1703 quod
1238 1620 1323 1683 hanc
1351 1619 1600 1683 similitudinem
1635 1622 1779 1684 causavit
1807 1622 1841 1683 in
1870 1622 2026 1685 omnibus

690 1746 829 1790 causans
852 1728 964 1790 omnia
987 1726 1166 1791 secundum
1190 1727 1366 1790 essenciam
1390 1740 1420 1790 et
1443 1728 1476 1790 in
1498 1747 1566 1790 esse
1591 1727 1728 1791 naturali
1751 1740 1780 1791 et
1803 1728 2024 1791 substanciali.

690 1834 813 1897 Omnia
828 1853 903 1916 ergo
919 1833 1056 1917 perfecta
1070 1833 1111 1896 ab
1127 1853 1193 1896 vno
1208 1846 1285 1897 sunt
1304 1834 1483 1897 secundum
1505 1853 1574 1897 esse
1593 1835 1738 1898 naturale
1752 1848 1783 1898 et
1797 1835 2023 1899 substanciale.

693 1940 788 2003 Facta
807 1954 884 2003 sunt
902 1960 977 2024 ergo
996 1942 1108 2004 omnia
1128 1942 1309 2004 secundum
1329 1961 1407 2004 esse.
1430 1941 1505 2004 Non
1525 1960 1599 2023 ergo
1619 1940 1680 2005 hoc
1700 1942 1798 2005 modo
1820 1956 1897 2006 sunt
1917 1957 2025 2007 eterna

632 2079 661 2110 ιο
690 2047 777 2131 quod
801 2047 998 2131 principium
1022 2047 1148 2111 essendi
1168 2061 1198 2111 et
1217 2048 1437 2112 substanciam
1458 2062 1488 2111 et
1509 2061 1657 2112 naturam
1682 2069 1747 2112 non
1771 2048 1922 2113 habeant.

1321 2451 1393 2535 [Vll

770 2692 905 2757 Sextum
930 2693 1018 2777 quod
1043 2706 1232 2777 proponunt
1255 2713 1321 2756 non
1344 2706 1392 2757 est
1413 2692 1692 2776 philosophicum.
1719 2692 1909 2776 Philosophi
1934 2695 2021 2756 enim

687 2814 735 2863 est
761 2800 792 2862 id
816 2801 905 2883 quod
931 2801 1009 2865 dicit
1033 2801 1137 2864 dicere
1161 2821 1237 2864 cum
1265 2803 1404 2865 racione.
1433 2801 1592 2864 Neutrum
1616 2814 1724 2864 autem
1753 2801 1880 2883 probari
1908 2814 2022 2884 potest,

688 2906 820 2984 scilicet,
845 2907 933 2991 quod
961 2928 1132 2992 nunquam
1160 2907 1256 2972 fuerit
1281 2909 1406 2991 primus
1433 2908 1533 2972 homo
1556 2920 1587 2971 et
1610 2910 1697 2991 quod
1723 2907 1901 2991 aliquando
1928 2907 2023 2971 fuerit

629 3031 658 3076 15
689 3015 814 3097 primus
835 3015 946 3080 homo.
970 3015 1102 3079 Etcum
1124 3028 1276 3079 neutrum
1300 3016 1427 3098 probari
1444 3017 1555 3098 possit,
1573 3018 1700 3079 racione
1720 3029 1896 3099 perspecta,
1911 3028 2021 3079 tamen

689 3121 889 3203 probabilius
915 3135 962 3185 est
987 3121 1165 3205 aliquando
1193 3122 1293 3186 fuisse
1318 3142 1420 3186 vnum
1452 3125 1595 3206 primum
1627 3122 1797 3186 hominem
1824 3142 1922 3205 quam
1954 3142 2020 3185 non

688 3226 797 3291 fuisse.
815 3228 900 3308 Quia
915 3248 1055 3313 quorum
1072 3242 1119 3292 est
1133 3250 1198 3291 vna
1212 3231 1401 3292 communis
1421 3243 1547 3306 natura,
1564 3230 1681 3293 horum
1697 3244 1744 3294 est
1758 3250 1843 3293 vnus
1859 3232 2021 3313 ingressus

687 3336 720 3396 in
737 3354 806 3398 esse
825 3335 913 3398 illius
933 3348 1058 3412 nature,
1075 3337 1138 3398 nisi
1158 3336 1224 3400 sint
1239 3350 1313 3400 nata
1329 3356 1383 3419 per
1399 3336 1666 3421 putrefacionem.
1690 3338 1800 3402 Homo
1814 3352 1922 3402 autem
1940 3340 2022 3403 sicut

687 3461 745 3505 nec
764 3441 852 3506 aliud
874 3441 1088 3525 perfectorum
1108 3443 1303 3506 animalium
1325 3463 1391 3507 non
1411 3457 1458 3507 est
1476 3444 1517 3508 de
1535 3444 1598 3507 hiis
1617 3464 1680 3527 que
1701 3446 1787 3509 nasci
1810 3460 1946 3528 possunt
1966 3466 2021 3530 per

625 3581 657 3613 20
680 3549 972 3633 -putreiaccionem,
992 3551 1074 3613 sicut
1093 3550 1171 3614 dicit
1190 3551 1352 3634 Auerroys
1373 3571 1468 3634 super
1490 3553 1520 3635 xj
1545 3553 1764 3635 metaphisice.
1790 3552 1890 3637 Igitur
1909 3554 2020 3617 nullus

686 3656 787 3720 homo
811 3657 999 3720 naturaliter
1021 3660 1054 3720 in
1079 3678 1147 3722 esse
1171 3658 1316 3722 hominis
1341 3660 1503 3742 ingressus
1526 3673 1573 3722 est
1597 3661 1658 3722 nisi
1684 3680 1738 3743 per
1760 3663 2017 3743 generacionem.

687 3764 723 3827 ln
749 3765 840 3828 omni
865 3778 973 3828 autem
999 3767 1209 3848 generacione
1232 3766 1483 3831 determinatum
1509 3780 1556 3829 est
1578 3787 1748 3850 generans.
1774 3768 1920 3849 Quilibet
1946 3789 2019 3852 ergo

686 3872 787 3934 homo
814 3871 1066 3936 determinatum
1102 3873 1198 3936 habet
1230 3886 1448 3955 generantem.
1484 3875 1593 3938 Omne
1624 3889 1732 3939 autem
1765 3876 2018 3940 determinatum

683 3998 841 4061 generans
865 3979 1043 4062 aliquando
1067 3979 1129 4043 fuit
1151 3981 1184 4041 in
1206 3994 1350 4064 tempore
1372 3982 1508 4063 signato.
1535 3981 1654 4045 Omnis
1678 4002 1752 4067 ergo
1776 3982 1876 4047 homo
1900 3983 1960 4047 suit
1985 3985 2017 4046 in

624 4105 654 4149 ²5
685 4099 828 4169 tempore
851 4088 988 4170 signato.
1016 4088 1120 4170 [213v]
1147 4088 1193 4150 Ex
1215 4088 1346 4151 infinito
1367 4102 1475 4152 autem
1503 4090 1584 4152 nihil
1607 4105 1653 4154 est
1674 4092 1816 4173 accipere
1840 4093 2017 4175 signatum,

684 4195 761 4277 quia
781 4194 923 4277 quelibet
945 4209 1021 4258 sunt
1044 4195 1183 4271 infinita,
1204 4215 1267 4279 que
1289 4216 1355 4260 non
1376 4198 1535 4280 contingit
1557 4199 1748 4281 pertransire
1771 4199 1934 4282 usquead
1957 4199 2019 4262 hoc

684 4303 859 4384 signatum.
883 4302 982 4385 lgitur
998 4303 1030 4364 in
1052 4303 1197 4387 hiisque
1217 4305 1342 4387 signata
1361 4318 1438 4367 sunt
1456 4319 1487 4369 et
1500 4305 1725 4382 determinata,
1748 4326 1813 4369 non
1834 4319 1880 4369 est
1900 4327 2019 4391 ponere

684 4408 866 4485 infinitum,
883 4410 937 4472 sed
954 4428 1081 4473 necesse
1100 4423 1147 4475 est
1167 4431 1285 4493 ponere
1304 4412 1436 4495 aliquod
1458 4414 1614 4496 primum.
1632 4415 1665 4477 Si
1683 4413 1763 4478 forte
1777 4415 1863 4478 dicat
1876 4416 1964 4498 quod
1979 4436 2017 4479 ex

683 4516 933 4580 constellacione
952 4517 1079 4580 diuerse
1099 4520 1326 4601 generaciones
1349 4520 1428 4585 fiant
1450 4522 1482 4582 in
1505 4521 1643 4584 diuersis
1665 4522 1879 4586 habitacionis
1901 4525 2017 4606 princi-

622 4642 654 4686 30
685 4624 757 4705 piis,
775 4623 836 4687 hoc
856 4625 970 4687 iterum
988 4637 1035 4688 est
1049 4639 1161 4688 contra
1180 4626 1421 4710 philosophiam
1438 4648 1501 4710 que
1515 4629 1592 4692 dicit
1612 4629 1842 4711 perfectissima
1861 4631 2017 4694 animalia

682 4750 721 4793 ex
740 4730 817 4794 solis
836 4731 1144 4795 constellacionibus
1164 4734 1251 4796 nasci
1273 4753 1339 4796 non
1362 4754 1454 4817 posse
1465 4756 1474 4812 3
1497 4749 1625 4819 propter
1639 4736 1727 4818 quod
1743 4736 1842 4819 plato,
1860 4739 1892 4799 in
1910 4739 2017 4821 primo

682 4837 804 4920 thymei
826 4837 921 4914 libr0,
942 4853 972 4902 et
991 4839 1123 4903 ouidius
1145 4840 1313 4924 loquentes
1332 4841 1371 4905 de
1390 4842 1525 4926 diluuijs
1545 4843 1780 4908 elementorum
1802 4865 1865 4927 que
1884 4844 2017 4909 fuerunt

683 4965 722 5008 ex
741 4945 906 5008 stellarum
928 4947 1224 5011 exorbitacionibus
1239 4961 1269 5011 et
1285 4962 1461 5012 reseruatos
1476 4950 1589 5014 dicunt
1610 4952 1729 5035 pirram
1745 4966 1776 5018 et
1789 4952 2013 5018 deucalionem

757 5171 763 5203 ¹
783 5172 876 5227 lllls=
890 5171 996 5230 fluxus.
1020 5206 1053 5215 —
1073 5174 1083 5206 ¹
1103 5175 1148 5229 Ms
1167 5175 1198 5246 -l
1212 5174 1251 5230 id.
1267 5208 1299 5215 —
1313 5176 1324 5209 ⁸
1339 5176 1488 5233 Ms=est
1503 5190 1540 5235 et.
