<?xml version="1.0" encoding="UTF-8"?>
<!DOCTYPE html PUBLIC "-//W3C//DTD XHTML 1.0 Transitional//EN"
    "http://www.w3.org/TR/xhtml1/DTD/xhtml1-transitional.dtd">
<html xmlns="http://www.w3.org/1999/xhtml" xml:lang="en" lang="en">
 <head>
  <title>
</title>
<meta http-equiv="Content-Type" content="text/html;charset=utf-8" />
  <meta name='ocr-system' content='tesseract 3.04.00' />
  <meta name='ocr-capabilities' content='ocr_page ocr_carea ocr_par ocr_line ocrx_word'/>
</head>
<body>
  <div class='ocr_page' id='page_1' title='image "./sigerdebrabante00albegoog_0159.png"; bbox 0 0 4882 6546; ppageno 0'>
   <div class='ocr_carea' id='block_1_1' title="bbox 1624 896 1729 949">
    <p class='ocr_par' dir='ltr' id='par_1_1' title="bbox 1624 896 1729 949">
     <span class='ocr_line' id='line_1_1' title="bbox 1624 896 1729 949; baseline -0.01 0"><span class='ocrx_word' id='word_1_1' title='bbox 1624 896 1729 949; x_wconf 75' lang='lat' dir='ltr'><strong>extitit</strong></span> 
     </span>
    </p>
   </div>
   <div class='ocr_carea' id='block_1_2' title="bbox 397 1063 1734 3254">
    <p class='ocr_par' dir='ltr' id='par_1_2' title="bbox 399 1063 1734 1257">
     <span class='ocr_line' id='line_1_2' title="bbox 399 1063 1734 1165; baseline 0.001 -25"><span class='ocrx_word' id='word_1_2' title='bbox 399 1063 448 1141; x_wconf 90' lang='lat' dir='ltr'><strong>les</strong></span> <span class='ocrx_word' id='word_1_3' title='bbox 472 1064 717 1163; x_wconf 77' lang='lat' dir='ltr'><strong>impossibilia</strong></span> <span class='ocrx_word' id='word_1_4' title='bbox 743 1075 804 1142; x_wconf 90' lang='lat' dir='ltr'><strong>des</strong></span> <span class='ocrx_word' id='word_1_5' title='bbox 829 1075 1002 1142; x_wconf 82' lang='lat' dir='ltr'><strong>exercices</strong></span> <span class='ocrx_word' id='word_1_6' title='bbox 1027 1076 1068 1142; x_wconf 92' lang='lat' dir='ltr'><strong>de</strong></span> <span class='ocrx_word' id='word_1_7' title='bbox 1095 1074 1317 1163; x_wconf 91' lang='lat' dir='ltr'><strong>sophistique</strong></span> <span class='ocrx_word' id='word_1_8' title='bbox 1342 1076 1431 1143; x_wconf 92' lang='lat' dir='ltr'><strong>dont</strong></span> <span class='ocrx_word' id='word_1_9' title='bbox 1455 1076 1555 1165; x_wconf 87' lang='lat' dir='ltr'><strong>Siger</strong></span> <span class='ocrx_word' id='word_1_10' title='bbox 1580 1075 1653 1143; x_wconf 91' lang='lat' dir='ltr'><strong>seul</strong></span> <span class='ocrx_word' id='word_1_11' title='bbox 1681 1089 1734 1144; x_wconf 91' lang='lat' dir='ltr'><strong>est</strong></span> 
     </span>
     <span class='ocr_line' id='line_1_3' title="bbox 399 1190 560 1257; baseline 0 -2"><span class='ocrx_word' id='word_1_12' title='bbox 399 1190 560 1257; x_wconf 83' lang='lat' dir='ltr'><strong>l&#39;auteur.</strong></span> 
     </span>
    </p>

    <p class='ocr_par' dir='ltr' id='par_1_3' title="bbox 397 1306 1732 2069">
     <span class='ocr_line' id='line_1_4' title="bbox 487 1306 1732 1398; baseline 0.003 -26"><span class='ocrx_word' id='word_1_13' title='bbox 487 1308 534 1373; x_wconf 88' lang='lat' dir='ltr'><strong>Le</strong></span> <span class='ocrx_word' id='word_1_14' title='bbox 551 1306 630 1373; x_wconf 91' lang='lat' dir='ltr'><strong>titre</strong></span> <span class='ocrx_word' id='word_1_15' title='bbox 647 1307 793 1374; x_wconf 86' lang='lat' dir='ltr'><strong>d&#39;abord</strong></span> <span class='ocrx_word' id='word_1_16' title='bbox 809 1307 1089 1395; x_wconf 83' lang='lat' dir='ltr'><strong>d&#39;Impossibilia</strong></span> <span class='ocrx_word' id='word_1_17' title='bbox 1104 1308 1242 1398; x_wconf 79' lang='lat' dir='ltr'><strong>Sygeri</strong></span> <span class='ocrx_word' id='word_1_18' title='bbox 1256 1308 1300 1374; x_wconf 85' lang='lat' dir='ltr'><strong>de</strong></span> <span class='ocrx_word' id='word_1_19' title='bbox 1314 1307 1533 1383; x_wconf 85' lang='lat' dir='ltr'><strong>Brabantia,</strong></span> <span class='ocrx_word' id='word_1_20' title='bbox 1553 1308 1732 1397; x_wconf 75' lang='lat' dir='ltr'><strong>temoigne</strong></span> 
     </span>
     <span class='ocr_line' id='line_1_5' title="bbox 399 1423 1732 1511; baseline 0.003 -24"><span class='ocrx_word' id='word_1_21' title='bbox 399 1442 467 1509; x_wconf 89' lang='lat' dir='ltr'><strong>que</strong></span> <span class='ocrx_word' id='word_1_22' title='bbox 488 1443 580 1489; x_wconf 91' lang='lat' dir='ltr'><strong>nous</strong></span> <span class='ocrx_word' id='word_1_23' title='bbox 599 1443 757 1489; x_wconf 87' lang='lat' dir='ltr'><strong>summes</strong></span> <span class='ocrx_word' id='word_1_24' title='bbox 776 1444 819 1490; x_wconf 91' lang='lat' dir='ltr'><strong>en</strong></span> <span class='ocrx_word' id='word_1_25' title='bbox 840 1423 1007 1510; x_wconf 77' lang='lat' dir='ltr'><strong>presence</strong></span> <span class='ocrx_word' id='word_1_26' title='bbox 1023 1423 1130 1490; x_wconf 86' lang='lat' dir='ltr'><strong>d&#39;une</strong></span> <span class='ocrx_word' id='word_1_27' title='bbox 1150 1444 1272 1491; x_wconf 86' lang='lat' dir='ltr'><strong>oeuvre</strong></span> <span class='ocrx_word' id='word_1_28' title='bbox 1288 1424 1331 1490; x_wconf 92' lang='lat' dir='ltr'><strong>de</strong></span> <span class='ocrx_word' id='word_1_29' title='bbox 1351 1424 1463 1511; x_wconf 85' lang='lat' dir='ltr'><strong>Siger,</strong></span> <span class='ocrx_word' id='word_1_30' title='bbox 1481 1439 1513 1491; x_wconf 89' lang='lat' dir='ltr'><strong>et</strong></span> <span class='ocrx_word' id='word_1_31' title='bbox 1536 1445 1607 1490; x_wconf 91' lang='lat' dir='ltr'><strong>non</strong></span> <span class='ocrx_word' id='word_1_32' title='bbox 1625 1424 1732 1491; x_wconf 84' lang='lat' dir='ltr'><strong>d’une</strong></span> 
     </span>
     <span class='ocr_line' id='line_1_6' title="bbox 400 1537 1732 1621; baseline 0.002 -17"><span class='ocrx_word' id='word_1_33' title='bbox 400 1537 589 1605; x_wconf 73' lang='lat' dir='ltr'><strong>refutation</strong></span> <span class='ocrx_word' id='word_1_34' title='bbox 611 1538 653 1605; x_wconf 89' lang='lat' dir='ltr'><strong>de</strong></span> <span class='ocrx_word' id='word_1_35' title='bbox 677 1559 732 1605; x_wconf 91' lang='lat' dir='ltr'><strong>ses</strong></span> <span class='ocrx_word' id='word_1_36' title='bbox 755 1538 921 1606; x_wconf 72' lang='lat' dir='ltr'><strong>theories.</strong></span> <span class='ocrx_word' id='word_1_37' title='bbox 947 1539 1006 1606; x_wconf 85' lang='lat' dir='ltr'><strong>S&#39;il</strong></span> <span class='ocrx_word' id='word_1_38' title='bbox 1031 1560 1074 1606; x_wconf 93' lang='lat' dir='ltr'><strong>en</strong></span> <span class='ocrx_word' id='word_1_39' title='bbox 1099 1539 1182 1606; x_wconf 76' lang='lat' dir='ltr'><strong>etait</strong></span> <span class='ocrx_word' id='word_1_40' title='bbox 1205 1553 1418 1621; x_wconf 91' lang='lat' dir='ltr'><strong>autrement,</strong></span> <span class='ocrx_word' id='word_1_41' title='bbox 1442 1539 1473 1606; x_wconf 93' lang='lat' dir='ltr'><strong>le</strong></span> <span class='ocrx_word' id='word_1_42' title='bbox 1496 1540 1576 1608; x_wconf 91' lang='lat' dir='ltr'><strong>titre</strong></span> <span class='ocrx_word' id='word_1_43' title='bbox 1596 1541 1732 1609; x_wconf 87' lang='lat' dir='ltr'><strong>devrait</strong></span> 
     </span>
     <span class='ocr_line' id='line_1_7' title="bbox 397 1655 1731 1747; baseline 0.003 -28"><span class='ocrx_word' id='word_1_44' title='bbox 397 1656 481 1734; x_wconf 76' lang='lat' dir='ltr'><strong>dtre,</strong></span> <span class='ocrx_word' id='word_1_45' title='bbox 500 1674 584 1722; x_wconf 88' lang='lat' dir='ltr'><strong>sous</strong></span> <span class='ocrx_word' id='word_1_46' title='bbox 603 1655 705 1742; x_wconf 83' lang='lat' dir='ltr'>peine</span> <span class='ocrx_word' id='word_1_47' title='bbox 722 1657 764 1722; x_wconf 91' lang='lat' dir='ltr'><strong>de</strong></span> <span class='ocrx_word' id='word_1_48' title='bbox 782 1670 1013 1735; x_wconf 90' lang='lat' dir='ltr'><strong>contre-sens,</strong></span> <span class='ocrx_word' id='word_1_49' title='bbox 1032 1657 1169 1723; x_wconf 86' lang='lat' dir='ltr'><em>Contra</em></span> <span class='ocrx_word' id='word_1_50' title='bbox 1185 1657 1430 1744; x_wconf 80' lang='lat' dir='ltr'><strong>Impossioitia</strong></span> <span class='ocrx_word' id='word_1_51' title='bbox 1446 1656 1595 1747; x_wconf 67' lang='lat' dir='ltr'><strong>Sygeri,</strong></span> <span class='ocrx_word' id='word_1_52' title='bbox 1614 1678 1653 1724; x_wconf 90' lang='lat' dir='ltr'><strong>ce</strong></span> <span class='ocrx_word' id='word_1_53' title='bbox 1669 1656 1731 1744; x_wconf 91' lang='lat' dir='ltr'><strong>qui</strong></span> 
     </span>
     <span class='ocr_line' id='line_1_8' title="bbox 400 1770 1732 1861; baseline 0.002 -25"><span class='ocrx_word' id='word_1_54' title='bbox 400 1770 487 1836; x_wconf 88' lang='lat' dir='ltr'><strong>n&#39;est</strong></span> <span class='ocrx_word' id='word_1_55' title='bbox 512 1791 586 1858; x_wconf 81' lang='lat' dir='ltr'><strong>pas.</strong></span> <span class='ocrx_word' id='word_1_56' title='bbox 615 1770 899 1857; x_wconf 89' lang='lat' dir='ltr'><strong>Comprend-on,</strong></span> <span class='ocrx_word' id='word_1_57' title='bbox 926 1793 969 1838; x_wconf 92' lang='lat' dir='ltr'><strong>en</strong></span> <span class='ocrx_word' id='word_1_58' title='bbox 997 1785 1111 1852; x_wconf 90' lang='lat' dir='ltr'><strong>outre,</strong></span> <span class='ocrx_word' id='word_1_59' title='bbox 1139 1792 1207 1859; x_wconf 90' lang='lat' dir='ltr'><strong>que</strong></span> <span class='ocrx_word' id='word_1_60' title='bbox 1234 1770 1304 1838; x_wconf 85' lang='lat' dir='ltr'><strong>l’on</strong></span> <span class='ocrx_word' id='word_1_61' title='bbox 1331 1772 1380 1838; x_wconf 89' lang='lat' dir='ltr'><strong>ait</strong></span> <span class='ocrx_word' id='word_1_62' title='bbox 1407 1772 1551 1860; x_wconf 73' lang='lat' dir='ltr'><strong>designe</strong></span> <span class='ocrx_word' id='word_1_63' title='bbox 1578 1772 1678 1861; x_wconf 85' lang='lat' dir='ltr'><strong>Siger</strong></span> <span class='ocrx_word' id='word_1_64' title='bbox 1703 1773 1732 1838; x_wconf 93' lang='lat' dir='ltr'><strong>si</strong></span> 
     </span>
     <span class='ocr_line' id='line_1_9' title="bbox 397 1885 1731 1967; baseline 0.002 -16"><span class='ocrx_word' id='word_1_65' title='bbox 397 1906 444 1952; x_wconf 93' lang='lat' dir='ltr'><strong>on</strong></span> <span class='ocrx_word' id='word_1_66' title='bbox 471 1886 501 1952; x_wconf 96' lang='lat' dir='ltr'><strong>le</strong></span> <span class='ocrx_word' id='word_1_67' title='bbox 528 1885 639 1953; x_wconf 74' lang='lat' dir='ltr'><strong>refuta</strong></span> <span class='ocrx_word' id='word_1_68' title='bbox 665 1886 874 1967; x_wconf 87' lang='lat' dir='ltr'><strong>seulement,</strong></span> <span class='ocrx_word' id='word_1_69' title='bbox 902 1909 985 1954; x_wconf 92' lang='lat' dir='ltr'><strong>sans</strong></span> <span class='ocrx_word' id='word_1_70' title='bbox 1011 1886 1098 1954; x_wconf 88' lang='lat' dir='ltr'><strong>faire</strong></span> <span class='ocrx_word' id='word_1_71' title='bbox 1124 1888 1286 1955; x_wconf 87' lang='lat' dir='ltr'><strong>mention</strong></span> <span class='ocrx_word' id='word_1_72' title='bbox 1310 1890 1353 1954; x_wconf 91' lang='lat' dir='ltr'><strong>de</strong></span> <span class='ocrx_word' id='word_1_73' title='bbox 1380 1888 1530 1956; x_wconf 88' lang='lat' dir='ltr'><strong>l&#39;auteur</strong></span> <span class='ocrx_word' id='word_1_74' title='bbox 1555 1889 1603 1956; x_wconf 90' lang='lat' dir='ltr'><strong>du</strong></span> <span class='ocrx_word' id='word_1_75' title='bbox 1630 1888 1731 1955; x_wconf 74' lang='lat' dir='ltr'><strong>traite</strong></span> 
     </span>
     <span class='ocr_line' id='line_1_10' title="bbox 399 2001 617 2069; baseline 0.014 -2"><span class='ocrx_word' id='word_1_76' title='bbox 399 2001 585 2069; x_wconf 67' lang='lat' dir='ltr'><strong>lui-meme</strong></span> <span class='ocrx_word' id='word_1_77' title='bbox 600 2003 617 2069; x_wconf 73' lang='grc' dir='ltr'>Ρ</span> 
     </span>
    </p>

    <p class='ocr_par' dir='ltr' id='par_1_4' title="bbox 401 2119 1731 2325">
     <span class='ocr_line' id='line_1_11' title="bbox 487 2119 1731 2209; baseline 0.001 -24"><span class='ocrx_word' id='word_1_78' title='bbox 487 2119 578 2186; x_wconf 85' lang='lat' dir='ltr'><strong>Mais</strong></span> <span class='ocrx_word' id='word_1_79' title='bbox 603 2119 631 2186; x_wconf 91' lang='lat' dir='ltr'><strong>si</strong></span> <span class='ocrx_word' id='word_1_80' title='bbox 660 2141 750 2186; x_wconf 94' lang='lat' dir='ltr'><strong>nous</strong></span> <span class='ocrx_word' id='word_1_81' title='bbox 776 2141 926 2209; x_wconf 88' lang='lat' dir='ltr'><strong>passons</strong></span> <span class='ocrx_word' id='word_1_82' title='bbox 950 2122 970 2186; x_wconf 72' lang='lat' dir='ltr'><strong>a</strong></span> <span class='ocrx_word' id='word_1_83' title='bbox 997 2120 1169 2187; x_wconf 83' lang='lat' dir='ltr'><strong>l’examen</strong></span> <span class='ocrx_word' id='word_1_84' title='bbox 1197 2121 1244 2187; x_wconf 90' lang='lat' dir='ltr'><strong>du</strong></span> <span class='ocrx_word' id='word_1_85' title='bbox 1270 2134 1425 2188; x_wconf 89' lang='lat' dir='ltr'><strong>contenu</strong></span> <span class='ocrx_word' id='word_1_86' title='bbox 1452 2122 1499 2188; x_wconf 98' lang='lat' dir='ltr'><strong>du</strong></span> <span class='ocrx_word' id='word_1_87' title='bbox 1524 2122 1731 2200; x_wconf 85' lang='lat' dir='ltr'><strong>document,</strong></span> 
     </span>
     <span class='ocr_line' id='line_1_12' title="bbox 401 2235 1500 2325; baseline 0.002 -25"><span class='ocrx_word' id='word_1_88' title='bbox 401 2255 491 2301; x_wconf 92' lang='lat' dir='ltr'><strong>nous</strong></span> <span class='ocrx_word' id='word_1_89' title='bbox 512 2235 689 2303; x_wconf 92' lang='lat' dir='ltr'><strong>touchons</strong></span> <span class='ocrx_word' id='word_1_90' title='bbox 709 2237 729 2302; x_wconf 76' lang='lat' dir='ltr'><strong>a</strong></span> <span class='ocrx_word' id='word_1_91' title='bbox 748 2239 809 2303; x_wconf 92' lang='lat' dir='ltr'><strong>des</strong></span> <span class='ocrx_word' id='word_1_92' title='bbox 830 2237 967 2304; x_wconf 86' lang='lat' dir='ltr'><strong>raisons</strong></span> <span class='ocrx_word' id='word_1_93' title='bbox 988 2237 1068 2325; x_wconf 88' lang='lat' dir='ltr'><strong>plus</strong></span> <span class='ocrx_word' id='word_1_94' title='bbox 1088 2237 1340 2324; x_wconf 86' lang='lat' dir='ltr'><strong>significatives</strong></span> <span class='ocrx_word' id='word_1_95' title='bbox 1360 2258 1500 2304; x_wconf 89' lang='lat' dir='ltr'><strong>encore.</strong></span> 
     </span>
    </p>

    <p class='ocr_par' dir='ltr' id='par_1_5' title="bbox 398 2352 1734 3254">
     <span class='ocr_line' id='line_1_13' title="bbox 489 2352 1731 2442; baseline 0.002 -24"><span class='ocrx_word' id='word_1_96' title='bbox 489 2353 535 2419; x_wconf 93' lang='lat' dir='ltr'><strong>Le</strong></span> <span class='ocrx_word' id='word_1_97' title='bbox 563 2354 653 2441; x_wconf 88' lang='lat' dir='ltr'><strong>sujet</strong></span> <span class='ocrx_word' id='word_1_98' title='bbox 679 2355 721 2419; x_wconf 89' lang='lat' dir='ltr'><strong>de</strong></span> <span class='ocrx_word' id='word_1_99' title='bbox 749 2352 887 2440; x_wconf 85' lang='lat' dir='ltr'><strong>chaque</strong></span> <span class='ocrx_word' id='word_1_100' title='bbox 915 2354 1098 2440; x_wconf 90' lang='lat' dir='ltr'><strong>sophisme</strong></span> <span class='ocrx_word' id='word_1_101' title='bbox 1128 2352 1239 2421; x_wconf 73' lang='lat' dir='ltr'><strong>revdle</strong></span> <span class='ocrx_word' id='word_1_102' title='bbox 1267 2375 1311 2421; x_wconf 89' lang='lat' dir='ltr'><strong>au</strong></span> <span class='ocrx_word' id='word_1_103' title='bbox 1341 2353 1496 2442; x_wconf 81' lang='lat' dir='ltr'><strong>premier</strong></span> <span class='ocrx_word' id='word_1_104' title='bbox 1522 2354 1633 2420; x_wconf 89' lang='lat' dir='ltr'><strong>abord</strong></span> <span class='ocrx_word' id='word_1_105' title='bbox 1662 2374 1731 2441; x_wconf 91' lang='lat' dir='ltr'><strong>que</strong></span> 
     </span>
     <span class='ocr_line' id='line_1_14' title="bbox 401 2469 1733 2558; baseline 0.002 -25"><span class='ocrx_word' id='word_1_106' title='bbox 401 2488 492 2534; x_wconf 90' lang='lat' dir='ltr'><strong>nous</strong></span> <span class='ocrx_word' id='word_1_107' title='bbox 517 2489 675 2536; x_wconf 85' lang='lat' dir='ltr'><strong>summes</strong></span> <span class='ocrx_word' id='word_1_108' title='bbox 701 2490 742 2535; x_wconf 93' lang='lat' dir='ltr'><strong>en</strong></span> <span class='ocrx_word' id='word_1_109' title='bbox 770 2470 936 2556; x_wconf 73' lang='lat' dir='ltr'><strong>presence</strong></span> <span class='ocrx_word' id='word_1_110' title='bbox 961 2471 1003 2536; x_wconf 92' lang='lat' dir='ltr'><strong>de</strong></span> <span class='ocrx_word' id='word_1_111' title='bbox 1029 2470 1176 2558; x_wconf 89' lang='lat' dir='ltr'><strong>simples</strong></span> <span class='ocrx_word' id='word_1_112' title='bbox 1201 2470 1374 2537; x_wconf 85' lang='lat' dir='ltr'><strong>exercices</strong></span> <span class='ocrx_word' id='word_1_113' title='bbox 1402 2469 1579 2537; x_wconf 91' lang='lat' dir='ltr'><strong>scolaires.</strong></span> <span class='ocrx_word' id='word_1_114' title='bbox 1610 2469 1646 2536; x_wconf 89' lang='lat' dir='ltr'><strong>Si</strong></span> <span class='ocrx_word' id='word_1_115' title='bbox 1673 2470 1733 2535; x_wconf 92' lang='lat' dir='ltr'><strong>des</strong></span> 
     </span>
     <span class='ocr_line' id='line_1_15' title="bbox 398 2584 1732 2674; baseline 0.002 -25"><span class='ocrx_word' id='word_1_116' title='bbox 398 2584 524 2651; x_wconf 92' lang='lat' dir='ltr'><strong>doutes</strong></span> <span class='ocrx_word' id='word_1_117' title='bbox 546 2585 686 2652; x_wconf 88' lang='lat' dir='ltr'><strong>avaient</strong></span> <span class='ocrx_word' id='word_1_118' title='bbox 709 2607 756 2674; x_wconf 98' lang='lat' dir='ltr'><strong>pu</strong></span> <span class='ocrx_word' id='word_1_119' title='bbox 783 2587 894 2652; x_wconf 87' lang='lat' dir='ltr'><strong>naitre</strong></span> <span class='ocrx_word' id='word_1_120' title='bbox 920 2586 940 2651; x_wconf 78' lang='lat' dir='ltr'><strong>d</strong></span> <span class='ocrx_word' id='word_1_121' title='bbox 964 2586 1092 2674; x_wconf 74' lang='lat' dir='ltr'><strong>l&#39;egard</strong></span> <span class='ocrx_word' id='word_1_122' title='bbox 1114 2588 1157 2653; x_wconf 93' lang='lat' dir='ltr'><strong>de</strong></span> <span class='ocrx_word' id='word_1_123' title='bbox 1178 2586 1450 2674; x_wconf 90' lang='lat' dir='ltr'><strong>quelques-uns,</strong></span> <span class='ocrx_word' id='word_1_124' title='bbox 1475 2586 1524 2653; x_wconf 96' lang='lat' dir='ltr'><strong>les</strong></span> <span class='ocrx_word' id='word_1_125' title='bbox 1546 2599 1665 2653; x_wconf 87' lang='lat' dir='ltr'><strong>autres</strong></span> <span class='ocrx_word' id='word_1_126' title='bbox 1689 2606 1732 2652; x_wconf 89' lang='lat' dir='ltr'><strong>ne</strong></span> 
     </span>
     <span class='ocr_line' id='line_1_16' title="bbox 399 2701 1733 2790; baseline 0.001 -24"><span class='ocrx_word' id='word_1_127' title='bbox 399 2701 647 2788; x_wconf 84' lang='lat' dir='ltr'><strong>permettaient</strong></span> <span class='ocrx_word' id='word_1_128' title='bbox 669 2722 731 2788; x_wconf 89' lang='lat' dir='ltr'><strong>pas</strong></span> <span class='ocrx_word' id='word_1_129' title='bbox 756 2703 797 2768; x_wconf 96' lang='lat' dir='ltr'><strong>de</strong></span> <span class='ocrx_word' id='word_1_130' title='bbox 822 2702 874 2790; x_wconf 89' lang='lat' dir='ltr'><strong>s’y</strong></span> <span class='ocrx_word' id='word_1_131' title='bbox 898 2702 1130 2788; x_wconf 74' lang='lat' dir='ltr'><strong>mdprendre3</strong></span> <span class='ocrx_word' id='word_1_132' title='bbox 1159 2703 1248 2769; x_wconf 90' lang='lat' dir='ltr'><strong>mais</strong></span> <span class='ocrx_word' id='word_1_133' title='bbox 1272 2717 1365 2782; x_wconf 88' lang='lat' dir='ltr'><strong>tous,</strong></span> <span class='ocrx_word' id='word_1_134' title='bbox 1390 2723 1433 2768; x_wconf 90' lang='lat' dir='ltr'><strong>en</strong></span> <span class='ocrx_word' id='word_1_135' title='bbox 1459 2722 1611 2781; x_wconf 90' lang='lat' dir='ltr'><strong>somme,</strong></span> <span class='ocrx_word' id='word_1_136' title='bbox 1636 2702 1733 2768; x_wconf 76' lang='lat' dir='ltr'><strong>etant</strong></span> 
     </span>
     <span class='ocr_line' id='line_1_17' title="bbox 399 2816 1733 2906; baseline 0 -23"><span class='ocrx_word' id='word_1_137' title='bbox 399 2816 537 2883; x_wconf 70' lang='lat' dir='ltr'><strong>donnee</strong></span> <span class='ocrx_word' id='word_1_138' title='bbox 554 2816 586 2883; x_wconf 88' lang='lat' dir='ltr'><strong>la</strong></span> <span class='ocrx_word' id='word_1_139' title='bbox 601 2816 828 2905; x_wconf 87' lang='lat' dir='ltr'><strong>philosophie</strong></span> <span class='ocrx_word' id='word_1_140' title='bbox 843 2818 890 2883; x_wconf 92' lang='lat' dir='ltr'><strong>du</strong></span> <span class='ocrx_word' id='word_1_141' title='bbox 908 2818 1031 2884; x_wconf 77' lang='lat' dir='ltr'><strong>Xlllme</strong></span> <span class='ocrx_word' id='word_1_142' title='bbox 1045 2818 1159 2898; x_wconf 75' lang='lat' dir='ltr'><strong>siecle,</strong></span> <span class='ocrx_word' id='word_1_143' title='bbox 1174 2831 1257 2885; x_wconf 90' lang='lat' dir='ltr'><strong>sont</strong></span> <span class='ocrx_word' id='word_1_144' title='bbox 1272 2820 1333 2885; x_wconf 93' lang='lat' dir='ltr'><strong>des</strong></span> <span class='ocrx_word' id='word_1_145' title='bbox 1348 2818 1602 2906; x_wconf 86' lang='lat' dir='ltr'><strong>paralogismes</strong></span> <span class='ocrx_word' id='word_1_146' title='bbox 1620 2818 1733 2884; x_wconf 89' lang='lat' dir='ltr'><strong>mani·</strong></span> 
     </span>
     <span class='ocr_line' id='line_1_18' title="bbox 400 2931 1732 3021; baseline 0.002 -23"><span class='ocrx_word' id='word_1_147' title='bbox 400 2931 513 3000; x_wconf 82' lang='lat' dir='ltr'><strong>festes.</strong></span> <span class='ocrx_word' id='word_1_148' title='bbox 537 2934 591 2999; x_wconf 89' lang='lat' dir='ltr'><strong>En</strong></span> <span class='ocrx_word' id='word_1_149' title='bbox 611 2932 701 3000; x_wconf 90' lang='lat' dir='ltr'><strong>voici</strong></span> <span class='ocrx_word' id='word_1_150' title='bbox 722 2932 902 3000; x_wconf 87' lang='lat' dir='ltr'><strong>d&#39;ailleurs</strong></span> <span class='ocrx_word' id='word_1_151' title='bbox 922 2933 1193 3000; x_wconf 72' lang='lat' dir='ltr'><strong>l&#39;enumeration</strong></span> <span class='ocrx_word' id='word_1_152' title='bbox 1218 2956 1226 3000; x_wconf 92' lang='lat'><strong>:</strong></span> <span class='ocrx_word' id='word_1_153' title='bbox 1249 2933 1338 3001; x_wconf 90' lang='lat' dir='ltr'><strong>Dieu</strong></span> <span class='ocrx_word' id='word_1_154' title='bbox 1362 2934 1507 3001; x_wconf 87' lang='lat' dir='ltr'><strong>n&#39;existe</strong></span> <span class='ocrx_word' id='word_1_155' title='bbox 1531 2955 1605 3021; x_wconf 89' lang='lat' dir='ltr'><strong>pas.</strong></span> <span class='ocrx_word' id='word_1_156' title='bbox 1624 2972 1668 2983; x_wconf 92' lang='lat'>-</span> <span class='ocrx_word' id='word_1_157' title='bbox 1684 2934 1732 3001; x_wconf 89' lang='lat' dir='ltr'><strong>Ce</strong></span> 
     </span>
     <span class='ocr_line' id='line_1_19' title="bbox 399 3049 1734 3138; baseline 0.001 -24"><span class='ocrx_word' id='word_1_158' title='bbox 399 3049 460 3136; x_wconf 92' lang='lat' dir='ltr'><strong>qui</strong></span> <span class='ocrx_word' id='word_1_159' title='bbox 477 3070 567 3116; x_wconf 92' lang='lat' dir='ltr'><strong>nous</strong></span> <span class='ocrx_word' id='word_1_160' title='bbox 582 3050 741 3136; x_wconf 85' lang='lat' dir='ltr'><strong>apparalt</strong></span> <span class='ocrx_word' id='word_1_161' title='bbox 757 3049 845 3116; x_wconf 85' lang='lat' dir='ltr'><strong>n&#39;est</strong></span> <span class='ocrx_word' id='word_1_162' title='bbox 857 3070 927 3136; x_wconf 91' lang='lat' dir='ltr'><strong>que</strong></span> <span class='ocrx_word' id='word_1_163' title='bbox 940 3050 1130 3118; x_wconf 87' lang='lat' dir='ltr'><strong>simulacre</strong></span> <span class='ocrx_word' id='word_1_164' title='bbox 1142 3065 1175 3117; x_wconf 90' lang='lat' dir='ltr'><strong>et</strong></span> <span class='ocrx_word' id='word_1_165' title='bbox 1185 3050 1268 3117; x_wconf 83' lang='lat' dir='ltr'><strong>vain</strong></span> <span class='ocrx_word' id='word_1_166' title='bbox 1284 3070 1406 3138; x_wconf 87' lang='lat' dir='ltr'><strong>songe,</strong></span> <span class='ocrx_word' id='word_1_167' title='bbox 1421 3052 1450 3116; x_wconf 91' lang='lat' dir='ltr'><strong>si</strong></span> <span class='ocrx_word' id='word_1_168' title='bbox 1464 3050 1544 3117; x_wconf 88' lang='lat' dir='ltr'><strong>bien</strong></span> <span class='ocrx_word' id='word_1_169' title='bbox 1558 3071 1628 3138; x_wconf 93' lang='lat' dir='ltr'><strong>que</strong></span> <span class='ocrx_word' id='word_1_170' title='bbox 1642 3070 1734 3116; x_wconf 92' lang='lat' dir='ltr'><strong>nous</strong></span> 
     </span>
     <span class='ocr_line' id='line_1_20' title="bbox 400 3165 1734 3254; baseline 0 -23"><span class='ocrx_word' id='word_1_171' title='bbox 400 3186 443 3232; x_wconf 91' lang='lat' dir='ltr'><strong>ne</strong></span> <span class='ocrx_word' id='word_1_172' title='bbox 457 3186 615 3232; x_wconf 91' lang='lat' dir='ltr'><strong>summes</strong></span> <span class='ocrx_word' id='word_1_173' title='bbox 627 3165 779 3233; x_wconf 90' lang='lat' dir='ltr'><strong>certains</strong></span> <span class='ocrx_word' id='word_1_174' title='bbox 791 3166 834 3231; x_wconf 91' lang='lat' dir='ltr'><strong>de</strong></span> <span class='ocrx_word' id='word_1_175' title='bbox 848 3165 1047 3233; x_wconf 86' lang='lat' dir='ltr'><strong>l’existence</strong></span> <span class='ocrx_word' id='word_1_176' title='bbox 1060 3167 1101 3233; x_wconf 91' lang='lat' dir='ltr'><strong>de</strong></span> <span class='ocrx_word' id='word_1_177' title='bbox 1117 3166 1204 3233; x_wconf 91' lang='lat' dir='ltr'><strong>rien.</strong></span> <span class='ocrx_word' id='word_1_178' title='bbox 1215 3205 1258 3216; x_wconf 97' lang='lat'>—</span> <span class='ocrx_word' id='word_1_179' title='bbox 1269 3167 1317 3233; x_wconf 91' lang='lat' dir='ltr'><strong>La</strong></span> <span class='ocrx_word' id='word_1_180' title='bbox 1330 3187 1455 3254; x_wconf 85' lang='lat' dir='ltr'><strong>guerre</strong></span> <span class='ocrx_word' id='word_1_181' title='bbox 1470 3168 1512 3233; x_wconf 91' lang='lat' dir='ltr'><strong>de</strong></span> <span class='ocrx_word' id='word_1_182' title='bbox 1523 3166 1630 3233; x_wconf 88' lang='lat' dir='ltr'><strong>Troie</strong></span> <span class='ocrx_word' id='word_1_183' title='bbox 1645 3167 1734 3232; x_wconf 91' lang='lat' dir='ltr'><strong>dure</strong></span> 
     </span>
    </p>
   </div>
   <div class='ocr_carea' id='block_1_3' title="bbox 399 3280 1734 3951">
    <p class='ocr_par' dir='ltr' id='par_1_6' title="bbox 399 3280 1734 3951">
     <span class='ocr_line' id='line_1_21' title="bbox 399 3280 1732 3370; baseline 0 -22"><span class='ocrx_word' id='word_1_184' title='bbox 399 3302 526 3349; x_wconf 90' lang='lat' dir='ltr'><strong>encore</strong></span> <span class='ocrx_word' id='word_1_185' title='bbox 548 3283 821 3370; x_wconf 74' lang='lat' dir='ltr'><strong>presentement.</strong></span> <span class='ocrx_word' id='word_1_186' title='bbox 839 3319 882 3329; x_wconf 94' lang='lat'>-</span> <span class='ocrx_word' id='word_1_187' title='bbox 898 3280 946 3347; x_wconf 87' lang='lat' dir='ltr'><strong>Ce</strong></span> <span class='ocrx_word' id='word_1_188' title='bbox 968 3281 1030 3368; x_wconf 91' lang='lat' dir='ltr'><strong>qui</strong></span> <span class='ocrx_word' id='word_1_189' title='bbox 1052 3296 1103 3349; x_wconf 91' lang='lat' dir='ltr'><strong>est</strong></span> <span class='ocrx_word' id='word_1_190' title='bbox 1123 3296 1247 3370; x_wconf 91' lang='lat' dir='ltr'><strong>pesant</strong></span> <span class='ocrx_word' id='word_1_191' title='bbox 1269 3303 1313 3349; x_wconf 92' lang='lat' dir='ltr'><strong>ne</strong></span> <span class='ocrx_word' id='word_1_192' title='bbox 1334 3282 1556 3350; x_wconf 87' lang='lat' dir='ltr'><strong>descendrait</strong></span> <span class='ocrx_word' id='word_1_193' title='bbox 1576 3303 1638 3370; x_wconf 88' lang='lat' dir='ltr'><strong>pas</strong></span> <span class='ocrx_word' id='word_1_194' title='bbox 1660 3280 1732 3348; x_wconf 92' lang='lat' dir='ltr'><strong>lors</strong></span> 
     </span>
     <span class='ocr_line' id='line_1_22' title="bbox 401 3394 1731 3485; baseline -0.001 -21"><span class='ocrx_word' id='word_1_195' title='bbox 401 3399 610 3485; x_wconf 72' lang='lat' dir='ltr'><strong>memeque</strong></span> <span class='ocrx_word' id='word_1_196' title='bbox 634 3397 708 3464; x_wconf 90' lang='lat' dir='ltr'><strong>rien</strong></span> <span class='ocrx_word' id='word_1_197' title='bbox 735 3418 777 3463; x_wconf 91' lang='lat' dir='ltr'><strong>ne</strong></span> <span class='ocrx_word' id='word_1_198' title='bbox 801 3396 868 3463; x_wconf 84' lang='lat' dir='ltr'><strong>l’en</strong></span> <span class='ocrx_word' id='word_1_199' title='bbox 893 3397 1332 3484; x_wconf 74' lang='lat' dir='ltr'><strong>empdcherait.-Parmi</strong></span> <span class='ocrx_word' id='word_1_200' title='bbox 1358 3398 1407 3465; x_wconf 90' lang='lat' dir='ltr'><strong>les</strong></span> <span class='ocrx_word' id='word_1_201' title='bbox 1430 3411 1523 3465; x_wconf 89' lang='lat' dir='ltr'><strong>actes</strong></span> <span class='ocrx_word' id='word_1_202' title='bbox 1546 3394 1731 3477; x_wconf 83' lang='lat' dir='ltr'><strong>humains,</strong></span> 
     </span>
     <span class='ocr_line' id='line_1_23' title="bbox 399 3511 1734 3601; baseline 0.001 -23"><span class='ocrx_word' id='word_1_203' title='bbox 399 3513 423 3578; x_wconf 93' lang='lat' dir='ltr'><strong>il</strong></span> <span class='ocrx_word' id='word_1_204' title='bbox 443 3514 522 3581; x_wconf 89' lang='lat' dir='ltr'><strong>n&#39;en</strong></span> <span class='ocrx_word' id='word_1_205' title='bbox 540 3528 592 3581; x_wconf 90' lang='lat' dir='ltr'><strong>est</strong></span> <span class='ocrx_word' id='word_1_206' title='bbox 608 3534 670 3600; x_wconf 91' lang='lat' dir='ltr'><strong>pas</strong></span> <span class='ocrx_word' id='word_1_207' title='bbox 686 3515 728 3579; x_wconf 90' lang='lat' dir='ltr'><strong>de</strong></span> <span class='ocrx_word' id='word_1_208' title='bbox 746 3511 907 3579; x_wconf 88' lang='lat' dir='ltr'><strong>mauvais</strong></span> <span class='ocrx_word' id='word_1_209' title='bbox 924 3535 993 3601; x_wconf 93' lang='lat' dir='ltr'><strong>que</strong></span> <span class='ocrx_word' id='word_1_210' title='bbox 1010 3513 1079 3580; x_wconf 84' lang='lat' dir='ltr'><strong>l&#39;on</strong></span> <span class='ocrx_word' id='word_1_211' title='bbox 1098 3514 1201 3581; x_wconf 88' lang='lat' dir='ltr'><strong>doive</strong></span> <span class='ocrx_word' id='word_1_212' title='bbox 1217 3514 1388 3601; x_wconf 92' lang='lat' dir='ltr'><strong>prohiber</strong></span> <span class='ocrx_word' id='word_1_213' title='bbox 1404 3535 1450 3581; x_wconf 93' lang='lat' dir='ltr'><strong>ou</strong></span> <span class='ocrx_word' id='word_1_214' title='bbox 1468 3514 1578 3600; x_wconf 93' lang='lat' dir='ltr'><strong>punir</strong></span> <span class='ocrx_word' id='word_1_215' title='bbox 1593 3515 1615 3579; x_wconf 72' lang='lat' dir='ltr'><strong>a</strong></span> <span class='ocrx_word' id='word_1_216' title='bbox 1629 3534 1734 3580; x_wconf 88' lang='lat' dir='ltr'><strong>cause</strong></span> 
     </span>
     <span class='ocr_line' id='line_1_24' title="bbox 399 3629 1734 3719; baseline 0.001 -24"><span class='ocrx_word' id='word_1_217' title='bbox 399 3630 442 3695; x_wconf 92' lang='lat' dir='ltr'><strong>de</strong></span> <span class='ocrx_word' id='word_1_218' title='bbox 466 3651 503 3697; x_wconf 90' lang='lat' dir='ltr'><strong>sa</strong></span> <span class='ocrx_word' id='word_1_219' title='bbox 524 3630 661 3698; x_wconf 85' lang='lat' dir='ltr'><strong>mallee.</strong></span> <span class='ocrx_word' id='word_1_220' title='bbox 680 3670 723 3680; x_wconf 94' lang='lat'>-</span> <span class='ocrx_word' id='word_1_221' title='bbox 744 3632 821 3698; x_wconf 92' lang='lat' dir='ltr'><strong>Une</strong></span> <span class='ocrx_word' id='word_1_222' title='bbox 841 3631 948 3699; x_wconf 89' lang='lat' dir='ltr'><strong>chose</strong></span> <span class='ocrx_word' id='word_1_223' title='bbox 969 3644 1052 3719; x_wconf 90' lang='lat' dir='ltr'><strong>peut</strong></span> <span class='ocrx_word' id='word_1_224' title='bbox 1067 3631 1087 3696; x_wconf 84' lang='lat' dir='ltr'><strong>al</strong></span> <span class='ocrx_word' id='word_1_225' title='bbox 1105 3630 1136 3696; x_wconf 87' lang='lat' dir='ltr'><strong>la</strong></span> <span class='ocrx_word' id='word_1_226' title='bbox 1155 3629 1222 3697; x_wconf 87' lang='lat' dir='ltr'><strong>fois</strong></span> <span class='ocrx_word' id='word_1_227' title='bbox 1241 3631 1313 3697; x_wconf 72' lang='lat' dir='ltr'><strong>etre</strong></span> <span class='ocrx_word' id='word_1_228' title='bbox 1334 3643 1368 3697; x_wconf 91' lang='lat' dir='ltr'><strong>et</strong></span> <span class='ocrx_word' id='word_1_229' title='bbox 1392 3630 1499 3697; x_wconf 73' lang='lat' dir='ltr'><strong>n&#39;etre</strong></span> <span class='ocrx_word' id='word_1_230' title='bbox 1525 3650 1600 3717; x_wconf 88' lang='lat' dir='ltr'><strong>pas,</strong></span> <span class='ocrx_word' id='word_1_231' title='bbox 1625 3642 1659 3696; x_wconf 90' lang='lat' dir='ltr'><strong>et</strong></span> <span class='ocrx_word' id='word_1_232' title='bbox 1685 3629 1734 3696; x_wconf 92' lang='lat' dir='ltr'><strong>les</strong></span> 
     </span>
     <span class='ocr_line' id='line_1_25' title="bbox 399 3746 1733 3835; baseline -0.001 -21"><span class='ocrx_word' id='word_1_233' title='bbox 399 3746 689 3814; x_wconf 91' lang='lat' dir='ltr'><strong>contradictoires</strong></span> <span class='ocrx_word' id='word_1_234' title='bbox 709 3761 862 3835; x_wconf 91' lang='lat' dir='ltr'><strong>peuvent</strong></span> <span class='ocrx_word' id='word_1_235' title='bbox 882 3748 954 3814; x_wconf 72' lang='lat' dir='ltr'><strong>etre</strong></span> <span class='ocrx_word' id='word_1_236' title='bbox 970 3747 1084 3814; x_wconf 90' lang='lat' dir='ltr'><strong>vraies</strong></span> <span class='ocrx_word' id='word_1_237' title='bbox 1105 3746 1200 3814; x_wconf 85' lang='lat' dir='ltr'><strong>l&#39;une</strong></span> <span class='ocrx_word' id='word_1_238' title='bbox 1217 3747 1259 3814; x_wconf 90' lang='lat' dir='ltr'><strong>de</strong></span> <span class='ocrx_word' id='word_1_239' title='bbox 1281 3746 1405 3813; x_wconf 88' lang='lat' dir='ltr'><strong>l&#39;autre</strong></span> <span class='ocrx_word' id='word_1_240' title='bbox 1424 3767 1470 3813; x_wconf 91' lang='lat' dir='ltr'><strong>ou</strong></span> <span class='ocrx_word' id='word_1_241' title='bbox 1488 3747 1595 3813; x_wconf 88' lang='lat' dir='ltr'><strong>d&#39;une</strong></span> <span class='ocrx_word' id='word_1_242' title='bbox 1616 3747 1733 3813; x_wconf 72' lang='lat' dir='ltr'><strong>meme</strong></span> 
     </span>
     <span class='ocr_line' id='line_1_26' title="bbox 399 3862 1733 3951; baseline 0 -22"><span class='ocrx_word' id='word_1_243' title='bbox 399 3863 506 3930; x_wconf 90' lang='lat' dir='ltr'><strong>chose</strong></span> <span class='ocrx_word' id='word_1_244' title='bbox 525 3867 547 3927; x_wconf 87' lang='lat'><strong>¹.</strong></span> <span class='ocrx_word' id='word_1_245' title='bbox 570 3864 626 3929; x_wconf 92' lang='lat' dir='ltr'><strong>On</strong></span> <span class='ocrx_word' id='word_1_246' title='bbox 645 3863 717 3931; x_wconf 87' lang='lat' dir='ltr'><strong>voit</strong></span> <span class='ocrx_word' id='word_1_247' title='bbox 733 3884 802 3950; x_wconf 90' lang='lat' dir='ltr'><strong>que</strong></span> <span class='ocrx_word' id='word_1_248' title='bbox 819 3884 876 3930; x_wconf 90' lang='lat' dir='ltr'><strong>ces</strong></span> <span class='ocrx_word' id='word_1_249' title='bbox 895 3863 1088 3931; x_wconf 72' lang='lat' dir='ltr'><strong>antitheses</strong></span> <span class='ocrx_word' id='word_1_250' title='bbox 1108 3862 1220 3951; x_wconf 91' lang='lat' dir='ltr'><strong>prises</strong></span> <span class='ocrx_word' id='word_1_251' title='bbox 1236 3864 1256 3929; x_wconf 72' lang='lat' dir='ltr'><strong>a</strong></span> <span class='ocrx_word' id='word_1_252' title='bbox 1273 3876 1407 3929; x_wconf 86' lang='lat' dir='ltr'><strong>travers</strong></span> <span class='ocrx_word' id='word_1_253' title='bbox 1424 3875 1502 3929; x_wconf 89' lang='lat' dir='ltr'><strong>tout</strong></span> <span class='ocrx_word' id='word_1_254' title='bbox 1518 3862 1549 3929; x_wconf 93' lang='lat' dir='ltr'><strong>le</strong></span> <span class='ocrx_word' id='word_1_255' title='bbox 1565 3862 1733 3930; x_wconf 86' lang='lat' dir='ltr'><strong>domaine</strong></span> 
     </span>
    </p>
   </div>
   <div class='ocr_carea' id='block_1_4' title="bbox 399 4172 1736 5228">
    <p class='ocr_par' dir='ltr' id='par_1_7' title="bbox 399 4172 1736 5228">
     <span class='ocr_line' id='line_1_27' title="bbox 490 4172 1732 4246; baseline -0.002 -16"><span class='ocrx_word' id='word_1_256' title='bbox 490 4174 602 4231; x_wconf 86' lang='lat' dir='ltr'><strong>¹N0us</strong></span> <span class='ocrx_word' id='word_1_257' title='bbox 624 4174 764 4230; x_wconf 91' lang='lat' dir='ltr'><strong>donnons</strong></span> <span class='ocrx_word' id='word_1_258' title='bbox 786 4174 821 4230; x_wconf 91' lang='lat' dir='ltr'><strong>ici</strong></span> <span class='ocrx_word' id='word_1_259' title='bbox 846 4176 885 4230; x_wconf 92' lang='lat' dir='ltr'><strong>les</strong></span> <span class='ocrx_word' id='word_1_260' title='bbox 905 4175 1030 4229; x_wconf 72' lang='lat' dir='ltr'><strong>enonces</strong></span> <span class='ocrx_word' id='word_1_261' title='bbox 1051 4173 1102 4230; x_wconf 85' lang='lat' dir='ltr'><strong>des</strong></span> <span class='ocrx_word' id='word_1_262' title='bbox 1125 4174 1290 4246; x_wconf 86' lang='lat' dir='ltr'><strong>sophismes</strong></span> <span class='ocrx_word' id='word_1_263' title='bbox 1311 4174 1385 4230; x_wconf 84' lang='lat' dir='ltr'><strong>dans</strong></span> <span class='ocrx_word' id='word_1_264' title='bbox 1408 4173 1469 4230; x_wconf 92' lang='lat' dir='ltr'><strong>leur</strong></span> <span class='ocrx_word' id='word_1_265' title='bbox 1490 4184 1565 4229; x_wconf 83' lang='lat' dir='ltr'><strong>texte</strong></span> <span class='ocrx_word' id='word_1_266' title='bbox 1587 4172 1732 4244; x_wconf 85' lang='lat' dir='ltr'><strong>original:</strong></span> 
     </span>
     <span class='ocr_line' id='line_1_28' title="bbox 399 4262 1734 4335; baseline -0.001 -17"><span class='ocrx_word' id='word_1_267' title='bbox 399 4263 578 4320; x_wconf 85' lang='lat' dir='ltr'><strong>Conuocatis</strong></span> <span class='ocrx_word' id='word_1_268' title='bbox 596 4263 776 4335; x_wconf 80' lang='lat' dir='ltr'><strong>sapientibus</strong></span> <span class='ocrx_word' id='word_1_269' title='bbox 795 4263 885 4319; x_wconf 89' lang='lat' dir='ltr'><strong>studii</strong></span> <span class='ocrx_word' id='word_1_270' title='bbox 901 4263 1069 4318; x_wconf 74' lang='lat' dir='ltr'><strong>parisiensis</strong></span> <span class='ocrx_word' id='word_1_271' title='bbox 1085 4263 1239 4335; x_wconf 86' lang='lat' dir='ltr'><strong>proposuit</strong></span> <span class='ocrx_word' id='word_1_272' title='bbox 1257 4263 1388 4335; x_wconf 84' lang='lat' dir='ltr'><strong>sophista</strong></span> <span class='ocrx_word' id='word_1_273' title='bbox 1403 4262 1524 4334; x_wconf 85' lang='lat' dir='ltr'><strong>quidem</strong></span> <span class='ocrx_word' id='word_1_274' title='bbox 1541 4262 1734 4334; x_wconf 81' lang='lat' dir='ltr'><strong>impossibilia</strong></span> 
     </span>
     <span class='ocr_line' id='line_1_29' title="bbox 401 4351 1735 4424; baseline -0.001 -17"><span class='ocrx_word' id='word_1_275' title='bbox 401 4354 493 4409; x_wconf 84' lang='lat' dir='ltr'><strong>multa</strong></span> <span class='ocrx_word' id='word_1_276' title='bbox 507 4354 628 4424; x_wconf 81' lang='lat' dir='ltr'><strong>probare</strong></span> <span class='ocrx_word' id='word_1_277' title='bbox 641 4364 669 4409; x_wconf 89' lang='lat' dir='ltr'><strong>et</strong></span> <span class='ocrx_word' id='word_1_278' title='bbox 681 4352 844 4418; x_wconf 78' lang='lat' dir='ltr'><strong>defendere,</strong></span> <span class='ocrx_word' id='word_1_279' title='bbox 860 4368 989 4423; x_wconf 89' lang='lat' dir='ltr'><strong>quorum</strong></span> <span class='ocrx_word' id='word_1_280' title='bbox 1006 4353 1136 4424; x_wconf 90' lang='lat' dir='ltr'><strong>primum</strong></span> <span class='ocrx_word' id='word_1_281' title='bbox 1153 4351 1208 4408; x_wconf 87' lang='lat' dir='ltr'><strong>luit</strong></span> <span class='ocrx_word' id='word_1_282' title='bbox 1221 4352 1308 4408; x_wconf 88' lang='lat' dir='ltr'><strong>deant</strong></span> <span class='ocrx_word' id='word_1_283' title='bbox 1323 4368 1382 4407; x_wconf 93' lang='lat' dir='ltr'><strong>non</strong></span> <span class='ocrx_word' id='word_1_284' title='bbox 1397 4368 1459 4406; x_wconf 86' lang='lat' dir='ltr'><strong>esse</strong></span> <span class='ocrx_word' id='word_1_285' title='bbox 1472 4356 1511 4423; x_wconf 84' lang='lat' dir='ltr'><strong>(p.</strong></span> <span class='ocrx_word' id='word_1_286' title='bbox 1528 4354 1561 4419; x_wconf 80' lang='lat' dir='ltr'><strong>il.</strong></span> <span class='ocrx_word' id='word_1_287' title='bbox 1578 4383 1611 4391; x_wconf 93' lang='lat'>—</span> <span class='ocrx_word' id='word_1_288' title='bbox 1627 4353 1735 4423; x_wconf 85' lang='lat' dir='ltr'><strong>Propo-</strong></span> 
     </span>
     <span class='ocr_line' id='line_1_30' title="bbox 401 4440 1733 4514; baseline -0.001 -17"><span class='ocrx_word' id='word_1_289' title='bbox 401 4443 488 4498; x_wconf 86' lang='lat' dir='ltr'><strong>nebat</strong></span> <span class='ocrx_word' id='word_1_290' title='bbox 502 4442 633 4498; x_wconf 88' lang='lat' dir='ltr'><strong>secundo</strong></span> <span class='ocrx_word' id='word_1_291' title='bbox 646 4442 727 4514; x_wconf 93' lang='lat' dir='ltr'><strong>quod</strong></span> <span class='ocrx_word' id='word_1_292' title='bbox 744 4442 845 4497; x_wconf 87' lang='lat' dir='ltr'><strong>omnia</strong></span> <span class='ocrx_word' id='word_1_293' title='bbox 860 4459 935 4514; x_wconf 85' lang='lat' dir='ltr'><strong>qaae</strong></span> <span class='ocrx_word' id='word_1_294' title='bbox 950 4441 1035 4496; x_wconf 84' lang='lat' dir='ltr'><strong>nobis</strong></span> <span class='ocrx_word' id='word_1_295' title='bbox 1050 4448 1196 4512; x_wconf 80' lang='lat' dir='ltr'><strong>apparent</strong></span> <span class='ocrx_word' id='word_1_296' title='bbox 1210 4448 1280 4496; x_wconf 85' lang='lat' dir='ltr'><strong>sant</strong></span> <span class='ocrx_word' id='word_1_297' title='bbox 1294 4442 1458 4496; x_wconf 88' lang='lat' dir='ltr'><strong>simulacra</strong></span> <span class='ocrx_word' id='word_1_298' title='bbox 1473 4448 1501 4495; x_wconf 85' lang='lat' dir='ltr'><strong>et</strong></span> <span class='ocrx_word' id='word_1_299' title='bbox 1515 4440 1594 4495; x_wconf 83' lang='lat' dir='ltr'><strong>sicat</strong></span> <span class='ocrx_word' id='word_1_300' title='bbox 1605 4441 1733 4507; x_wconf 84' lang='lat' dir='ltr'><strong>somnia,</strong></span> 
     </span>
     <span class='ocr_line' id='line_1_31' title="bbox 401 4530 1735 4603; baseline 0.001 -18"><span class='ocrx_word' id='word_1_301' title='bbox 401 4531 444 4585; x_wconf 88' lang='lat' dir='ltr'><strong>ita</strong></span> <span class='ocrx_word' id='word_1_302' title='bbox 459 4531 537 4603; x_wconf 85' lang='lat' dir='ltr'><strong>quod</strong></span> <span class='ocrx_word' id='word_1_303' title='bbox 551 4548 609 4586; x_wconf 90' lang='lat' dir='ltr'><strong>non</strong></span> <span class='ocrx_word' id='word_1_304' title='bbox 627 4531 721 4586; x_wconf 83' lang='lat' dir='ltr'><strong>simas</strong></span> <span class='ocrx_word' id='word_1_305' title='bbox 736 4531 812 4585; x_wconf 87' lang='lat' dir='ltr'><strong>certi</strong></span> <span class='ocrx_word' id='word_1_306' title='bbox 825 4531 862 4585; x_wconf 87' lang='lat' dir='ltr'><strong>de</strong></span> <span class='ocrx_word' id='word_1_307' title='bbox 876 4530 1036 4586; x_wconf 81' lang='lat' dir='ltr'><strong>existentia</strong></span> <span class='ocrx_word' id='word_1_308' title='bbox 1055 4530 1187 4586; x_wconf 86' lang='lat' dir='ltr'><strong>alicuius</strong></span> <span class='ocrx_word' id='word_1_309' title='bbox 1200 4530 1246 4585; x_wconf 87' lang='lat' dir='ltr'><strong>rei</strong></span> <span class='ocrx_word' id='word_1_310' title='bbox 1260 4532 1299 4603; x_wconf 91' lang='lat' dir='ltr'><strong>(p.</strong></span> <span class='ocrx_word' id='word_1_311' title='bbox 1316 4532 1353 4602; x_wconf 73' lang='lat'><strong>7).</strong></span> <span class='ocrx_word' id='word_1_312' title='bbox 1370 4562 1403 4569; x_wconf 97' lang='lat'>-</span> <span class='ocrx_word' id='word_1_313' title='bbox 1418 4531 1638 4602; x_wconf 85' lang='lat' dir='ltr'><strong>Proponebntur</strong></span> <span class='ocrx_word' id='word_1_314' title='bbox 1651 4530 1735 4586; x_wconf 90' lang='lat' dir='ltr'><strong>tertio</strong></span> 
     </span>
     <span class='ocr_line' id='line_1_32' title="bbox 401 4619 1736 4692; baseline -0.001 -16"><span class='ocrx_word' id='word_1_315' title='bbox 401 4619 481 4690; x_wconf 91' lang='lat' dir='ltr'><strong>quod</strong></span> <span class='ocrx_word' id='word_1_316' title='bbox 506 4620 613 4675; x_wconf 86' lang='lat' dir='ltr'><strong>bellurn</strong></span> <span class='ocrx_word' id='word_1_317' title='bbox 641 4620 807 4676; x_wconf 85' lang='lat' dir='ltr'><strong>Troianum</strong></span> <span class='ocrx_word' id='word_1_318' title='bbox 829 4628 903 4675; x_wconf 86' lang='lat' dir='ltr'><strong>esset</strong></span> <span class='ocrx_word' id='word_1_319' title='bbox 925 4620 955 4675; x_wconf 86' lang='lat' dir='ltr'><strong>in</strong></span> <span class='ocrx_word' id='word_1_320' title='bbox 977 4621 1032 4675; x_wconf 78' lang='lat' dir='ltr'><strong>troc</strong></span> <span class='ocrx_word' id='word_1_321' title='bbox 1053 4619 1181 4674; x_wconf 86' lang='lat' dir='ltr'><strong>instanti</strong></span> <span class='ocrx_word' id='word_1_322' title='bbox 1202 4620 1241 4692; x_wconf 86' lang='lat' dir='ltr'><strong>(p.</strong></span> <span class='ocrx_word' id='word_1_323' title='bbox 1266 4621 1317 4691; x_wconf 86' lang='lat' dir='ltr'><strong>ro).</strong></span> <span class='ocrx_word' id='word_1_324' title='bbox 1334 4652 1368 4660; x_wconf 93' lang='lat'><em>-</em></span> <span class='ocrx_word' id='word_1_325' title='bbox 1384 4620 1496 4688; x_wconf 86' lang='lat' dir='ltr'><strong>Quarto</strong></span> <span class='ocrx_word' id='word_1_326' title='bbox 1517 4619 1736 4692; x_wconf 84' lang='lat' dir='ltr'><strong>proponebatur</strong></span> 
     </span>
     <span class='ocr_line' id='line_1_33' title="bbox 400 4708 1735 4782; baseline -0.001 -17"><span class='ocrx_word' id='word_1_327' title='bbox 400 4709 482 4781; x_wconf 91' lang='lat' dir='ltr'><strong>quod</strong></span> <span class='ocrx_word' id='word_1_328' title='bbox 494 4727 592 4782; x_wconf 80' lang='lat' dir='ltr'><strong>graue</strong></span> <span class='ocrx_word' id='word_1_329' title='bbox 605 4709 736 4765; x_wconf 85' lang='lat' dir='ltr'><strong>existens</strong></span> <span class='ocrx_word' id='word_1_330' title='bbox 748 4709 886 4781; x_wconf 81' lang='lat' dir='ltr'><strong>superins</strong></span> <span class='ocrx_word' id='word_1_331' title='bbox 900 4727 958 4765; x_wconf 90' lang='lat' dir='ltr'><strong>non</strong></span> <span class='ocrx_word' id='word_1_332' title='bbox 970 4709 1158 4781; x_wconf 81' lang='lat' dir='ltr'><strong>prohibitum</strong></span> <span class='ocrx_word' id='word_1_333' title='bbox 1173 4725 1232 4763; x_wconf 91' lang='lat' dir='ltr'><strong>non</strong></span> <span class='ocrx_word' id='word_1_334' title='bbox 1246 4709 1437 4764; x_wconf 85' lang='lat' dir='ltr'><strong>descenderet</strong></span> <span class='ocrx_word' id='word_1_335' title='bbox 1452 4709 1490 4780; x_wconf 88' lang='lat' dir='ltr'><strong>(p.</strong></span> <span class='ocrx_word' id='word_1_336' title='bbox 1507 4709 1558 4779; x_wconf 79' lang='lat'>13).</span> <span class='ocrx_word' id='word_1_337' title='bbox 1577 4738 1607 4750; x_wconf 89' lang='lat'>-</span> <span class='ocrx_word' id='word_1_338' title='bbox 1622 4708 1735 4777; x_wconf 88' lang='lat' dir='ltr'><strong>Quinto</strong></span> 
     </span>
     <span class='ocr_line' id='line_1_34' title="bbox 400 4798 1732 4871; baseline -0.001 -18"><span class='ocrx_word' id='word_1_339' title='bbox 400 4800 619 4871; x_wconf 85' lang='lat' dir='ltr'><strong>proponebatur</strong></span> <span class='ocrx_word' id='word_1_340' title='bbox 641 4799 722 4870; x_wconf 92' lang='lat' dir='ltr'><strong>quod</strong></span> <span class='ocrx_word' id='word_1_341' title='bbox 747 4798 778 4854; x_wconf 90' lang='lat' dir='ltr'><strong>in</strong></span> <span class='ocrx_word' id='word_1_342' title='bbox 804 4798 944 4854; x_wconf 79' lang='lat' dir='ltr'><strong>numanis</strong></span> <span class='ocrx_word' id='word_1_343' title='bbox 964 4798 1080 4853; x_wconf 84' lang='lat' dir='ltr'><strong>actibus</strong></span> <span class='ocrx_word' id='word_1_344' title='bbox 1102 4815 1160 4854; x_wconf 91' lang='lat' dir='ltr'><strong>non</strong></span> <span class='ocrx_word' id='word_1_345' title='bbox 1183 4806 1257 4854; x_wconf 85' lang='lat' dir='ltr'><strong>esset</strong></span> <span class='ocrx_word' id='word_1_346' title='bbox 1279 4806 1363 4854; x_wconf 86' lang='lat' dir='ltr'><strong>actus</strong></span> <span class='ocrx_word' id='word_1_347' title='bbox 1386 4799 1482 4853; x_wconf 85' lang='lat' dir='ltr'><strong>malus</strong></span> <span class='ocrx_word' id='word_1_348' title='bbox 1500 4804 1626 4869; x_wconf 88' lang='lat' dir='ltr'><strong>propter</strong></span> <span class='ocrx_word' id='word_1_349' title='bbox 1647 4814 1732 4869; x_wconf 84' lang='lat' dir='ltr'><strong>quarn</strong></span> 
     </span>
     <span class='ocr_line' id='line_1_35' title="bbox 401 4885 1734 4960; baseline -0.002 -17"><span class='ocrx_word' id='word_1_350' title='bbox 401 4887 548 4943; x_wconf 85' lang='lat' dir='ltr'><strong>malitiam</strong></span> <span class='ocrx_word' id='word_1_351' title='bbox 568 4896 651 4942; x_wconf 85' lang='lat' dir='ltr'><strong>actas</strong></span> <span class='ocrx_word' id='word_1_352' title='bbox 670 4888 723 4943; x_wconf 85' lang='lat' dir='ltr'><strong>itte</strong></span> <span class='ocrx_word' id='word_1_353' title='bbox 741 4888 861 4943; x_wconf 84' lang='lat' dir='ltr'><strong>deberet</strong></span> <span class='ocrx_word' id='word_1_354' title='bbox 875 4886 1034 4960; x_wconf 79' lang='lat' dir='ltr'><strong>prohiberi</strong></span> <span class='ocrx_word' id='word_1_355' title='bbox 1049 4888 1098 4943; x_wconf 89' lang='lat' dir='ltr'><strong>uel</strong></span> <span class='ocrx_word' id='word_1_356' title='bbox 1116 4887 1226 4960; x_wconf 83' lang='lat' dir='ltr'><strong>aliquis</strong></span> <span class='ocrx_word' id='word_1_357' title='bbox 1244 4905 1280 4942; x_wconf 92' lang='lat' dir='ltr'><strong>ex</strong></span> <span class='ocrx_word' id='word_1_358' title='bbox 1301 4904 1334 4943; x_wconf 89' lang='lat' dir='ltr'><strong>eo</strong></span> <span class='ocrx_word' id='word_1_359' title='bbox 1349 4887 1458 4959; x_wconf 85' lang='lat' dir='ltr'><strong>puniri</strong></span> <span class='ocrx_word' id='word_1_360' title='bbox 1472 4888 1511 4959; x_wconf 86' lang='lat' dir='ltr'><strong>(p.</strong></span> <span class='ocrx_word' id='word_1_361' title='bbox 1528 4887 1583 4957; x_wconf 84' lang='lat'><em>21).</em></span> <span class='ocrx_word' id='word_1_362' title='bbox 1599 4918 1632 4926; x_wconf 97' lang='lat'><em>-</em></span> <span class='ocrx_word' id='word_1_363' title='bbox 1646 4885 1734 4942; x_wconf 90' lang='lat' dir='ltr'><strong>Sexto</strong></span> 
     </span>
     <span class='ocr_line' id='line_1_36' title="bbox 401 4975 1732 5050; baseline -0.001 -19"><span class='ocrx_word' id='word_1_364' title='bbox 401 4978 629 5050; x_wconf 86' lang='lat' dir='ltr'><strong>proponebatur,</strong></span> <span class='ocrx_word' id='word_1_365' title='bbox 654 4977 793 5047; x_wconf 84' lang='lat' dir='ltr'><strong>quamuis</strong></span> <span class='ocrx_word' id='word_1_366' title='bbox 817 4977 889 5033; x_wconf 95' lang='lat' dir='ltr'><strong>illud</strong></span> <span class='ocrx_word' id='word_1_367' title='bbox 913 4977 1009 5049; x_wconf 87' lang='lat' dir='ltr'><strong>primo</strong></span> <span class='ocrx_word' id='word_1_368' title='bbox 1035 4976 1127 5048; x_wconf 81' lang='lat' dir='ltr'><strong>fugiat</strong></span> <span class='ocrx_word' id='word_1_369' title='bbox 1152 4976 1315 5033; x_wconf 88' lang='lat' dir='ltr'><strong>intellectus</strong></span> <span class='ocrx_word' id='word_1_370' title='bbox 1338 4976 1415 5033; x_wconf 89' lang='lat' dir='ltr'><strong>sicut</strong></span> <span class='ocrx_word' id='word_1_371' title='bbox 1437 4976 1627 5048; x_wconf 90' lang='lat' dir='ltr'><strong>impossibile,</strong></span> <span class='ocrx_word' id='word_1_372' title='bbox 1652 4975 1732 5047; x_wconf 91' lang='lat' dir='ltr'><strong>quod</strong></span> 
     </span>
     <span class='ocr_line' id='line_1_37' title="bbox 400 5063 1735 5139; baseline -0.001 -19"><span class='ocrx_word' id='word_1_373' title='bbox 400 5065 551 5139; x_wconf 81' lang='lat' dir='ltr'><strong>contingit</strong></span> <span class='ocrx_word' id='word_1_374' title='bbox 570 5065 687 5138; x_wconf 84' lang='lat' dir='ltr'><strong>aliquid</strong></span> <span class='ocrx_word' id='word_1_375' title='bbox 703 5066 796 5121; x_wconf 85' lang='lat' dir='ltr'><strong>simul</strong></span> <span class='ocrx_word' id='word_1_376' title='bbox 813 5082 874 5121; x_wconf 85' lang='lat' dir='ltr'><strong>esse</strong></span> <span class='ocrx_word' id='word_1_377' title='bbox 892 5073 920 5120; x_wconf 88' lang='lat' dir='ltr'><strong>et</strong></span> <span class='ocrx_word' id='word_1_378' title='bbox 939 5082 997 5120; x_wconf 91' lang='lat' dir='ltr'><strong>non</strong></span> <span class='ocrx_word' id='word_1_379' title='bbox 1018 5082 1088 5131; x_wconf 88' lang='lat' dir='ltr'><strong>esse,</strong></span> <span class='ocrx_word' id='word_1_380' title='bbox 1104 5073 1132 5120; x_wconf 89' lang='lat' dir='ltr'><strong>et</strong></span> <span class='ocrx_word' id='word_1_381' title='bbox 1148 5065 1385 5120; x_wconf 87' lang='lat' dir='ltr'><strong>contradictoria</strong></span> <span class='ocrx_word' id='word_1_382' title='bbox 1399 5065 1478 5119; x_wconf 85' lang='lat' dir='ltr'><strong>dese</strong></span> <span class='ocrx_word' id='word_1_383' title='bbox 1494 5063 1622 5119; x_wconf 85' lang='lat' dir='ltr'><strong>inuicem</strong></span> <span class='ocrx_word' id='word_1_384' title='bbox 1638 5065 1687 5118; x_wconf 87' lang='lat' dir='ltr'><strong>uel</strong></span> <span class='ocrx_word' id='word_1_385' title='bbox 1698 5064 1735 5118; x_wconf 89' lang='lat' dir='ltr'><strong>de</strong></span> 
     </span>
     <span class='ocr_line' id='line_1_38' title="bbox 400 5155 801 5228; baseline 0 -19"><span class='ocrx_word' id='word_1_386' title='bbox 400 5155 500 5210; x_wconf 88' lang='lat' dir='ltr'><strong>eodem</strong></span> <span class='ocrx_word' id='word_1_387' title='bbox 517 5155 674 5227; x_wconf 77' lang='lat' dir='ltr'><strong>aerificari</strong></span> <span class='ocrx_word' id='word_1_388' title='bbox 689 5160 729 5228; x_wconf 83' lang='lat' dir='ltr'><strong>(p.</strong></span> <span class='ocrx_word' id='word_1_389' title='bbox 745 5156 801 5228; x_wconf 82' lang='lat'>27).</span> 
     </span>
    </p>
   </div>
   <div class='ocr_carea' id='block_1_5' title="bbox 0 0 2448 6546">
    <p class='ocr_par' dir='ltr' id='par_1_8' title="bbox 0 0 2448 6546">
     <span class='ocr_line' id='line_1_39' title="bbox 0 0 2448 6546; baseline 0 0"><span class='ocrx_word' id='word_1_390' title='bbox 0 0 2448 6546; x_wconf 95' lang='lat' dir='ltr'><strong> </strong></span> 
     </span>
    </p>
   </div>
  </div>
 </body>
</html>
