4880 6546
650 854 810 914 c'c'xltxtllil

649 1040 669 1106 a
686 1040 770 1131 celle
787 1042 829 1107 de
847 1039 946 1127 Siger
961 1040 1004 1106 de
1022 1040 1177 1106 Brabant
1194 1040 1218 1103 ¹.
1241 1034 1421 1105 Certaines
1441 1037 1666 1125 expressions
1685 1042 1749 1104 ont
1769 1042 1839 1103 urie
1859 1020 1985 1103 'simili-

651 1157 733 1222 tude
756 1157 799 1222 de
823 1154 938 1223 forme
961 1156 1023 1243 qui
1050 1155 1247 1243 paraissent
1272 1154 1387 1221 trahir
1411 1175 1481 1220 une
1506 1173 1701 1221 commune
1726 1152 1864 1240 origine
1889 1158 1912 1232 ²,
1938 1166 1983 1232 et,

650 1293 688 1339 ce
705 1273 766 1359 qui
784 1285 835 1338 est
852 1272 933 1359 plus
950 1270 1115 1359 frappant
1131 1292 1270 1351 encore,
1290 1271 1441 1337 l'auteur
1457 1270 1591 1337 semble
1609 1269 1741 1336 relever
1758 1267 1984 1336 l'accusation

650 1388 769 1476 portee
799 1409 863 1476 par
891 1389 1053 1455 Thomas
1080 1388 1237 1475 d'hquin
1268 1401 1390 1454 contre
1421 1387 1521 1475 Siger
1548 1387 1590 1453 de
1623 1386 1777 1452 Brabant
1807 1406 1870 1451 sur
1898 1397 1986 1452 cette

650 1504 815 1591 question
834 1504 894 1570 des
915 1519 1076 1592 rapports
1093 1505 1135 1570 de
1153 1503 1184 1569 la
1202 1504 1319 1570 raison
1339 1517 1372 1570 et
1388 1504 1431 1569 de
1449 1503 1481 1569 la
1498 1502 1560 1581 foi,
1579 1502 1652 1569 lors
1668 1503 1710 1568 de
1731 1502 1763 1568 la
1782 1500 1986 1589 polemique

651 1620 693 1686 de
718 1642 800 1707 1270
821 1625 845 1684 ⁸.

741 1738 838 1803 Dans
858 1737 889 1803 le
910 1738 1027 1803 meme
1050 1735 1260 1817 manuscrit,
1280 1758 1350 1804 une
1372 1736 1587 1824 importante
1607 1736 1771 1824 question
1793 1749 1845 1802 est
1863 1755 1986 1802 consa·

650 1854 727 1921 eree
742 1855 762 1920 a
777 1854 810 1919 la
827 1852 962 1920 theorie
978 1853 1020 1919 de
1036 1853 1067 1919 la
1084 1853 1251 1920 necessitd
1267 1867 1300 1920 et
1315 1855 1357 1919 de
1373 1852 1403 1919 la
1420 1852 1654 1940 contingence
1669 1858 1693 1917 ¹².
1714 1853 1770 1918 On
1788 1875 1808 1940 y
1827 1867 1987 1918 retrouve

650 1983 870 2037 exactement
893 1969 941 2036 les
963 1970 1055 2036 idees
1077 1970 1155 2057 dejt
1176 1991 1336 2037 connues
1357 1970 1400 2035 de
1422 1969 1522 2057 Siger
1543 1990 1605 2035 sur
1627 1981 1715 2036 cette
1740 1968 1885 2035 matiere
1909 1972 1932 2032 ⁵.
1960 1966 1985 2033 ll

652 2087 741 2153 n'est
761 2107 823 2173 pas
844 2087 1035 2174 jusqu’aux
1057 2084 1229 2153 formales
1250 2086 1485 2152 elles-memes
1503 2085 1564 2172 qui
1584 2106 1627 2151 ne
1644 2084 1865 2173 temoignent
1880 2084 1987 2151 d'une

650 2202 774 2269 etroite
805 2202 947 2290 parente
978 2216 1077 2269 entre
1108 2202 1157 2268 les
1187 2217 1345 2269 auteurs.
1379 2202 1468 2268 Mais
1497 2201 1527 2267 le
1555 2202 1646 2289 sujet
1673 2202 1715 2268 de
1746 2200 1778 2267 la
1806 2201 1986 2288 question,

650 2318 810 2406 presente
842 2339 984 2386 comme
1015 2339 1085 2384 une
1116 2319 1218 2385 etude
1250 2340 1312 2384 sur
1341 2319 1373 2384 la
1400 2316 1656 2385 connaissance
1684 2317 1745 2384 des
1777 2315 1906 2396 futurs,
1936 2331 1988 2383 est
2076 2350 2078 2354 ⁴

650 2436 731 2523 plus
762 2433 917 2502 extensif
940 2448 974 2501 et
999 2434 1080 2521 plus
1105 2434 1295 2522 developpe
1321 2455 1391 2521 que
1417 2434 1449 2499 la
1476 2433 1631 2501 solution
1657 2434 1700 2500 de
1726 2433 1758 2499 la
1784 2432 1987 2520 cinquieme

651 2552 910 2640 impossibilile
929 2556 953 2616 ⁶.

741 2893 750 2923 ¹
770 2892 842 2964 Voy.
860 2908 888 2963 p.
905 2908 1009 2946 cxxvur
1025 2903 1052 2947 et
1067 2890 1142 2946 suiv.

740 2981 750 3012 ²
769 2982 930 3053 Comparez
950 2981 1136 3052 l'expression
1156 2980 1193 3035 de
1214 2981 1319 3036 l’avattt
1338 2979 1467 3035 derniere
1488 2991 1576 3036 note:
1599 2996 1652 3036 nec
1667 2980 1702 3035 de
1717 2980 1824 3036 divinis
1840 2980 1988 3036 miraculis

651 3070 834 3139 disserentes,
850 3087 918 3126 avec
935 3072 960 3125 la
975 3070 1015 3124 fin
1031 3070 1066 3124 de
1082 3071 1107 3125 la
1123 3082 1191 3126 note
1210 3086 1232 3135 t,
1250 3087 1278 3142 p.
1294 3086 1390 3126 crxtv.
1450 3104 1453 3109 ,

739 3161 750 3193 ⁸
770 3161 940 3232 Compara,
963 3177 991 3232 p.
1013 3176 1097 3226 ctxx,
1120 3172 1188 3216 note
1212 3177 1233 3225 r,
1259 3159 1285 3214 la
1308 3160 1398 3232 partie
1418 3158 1457 3214 du
1481 3170 1556 3214 texte
1576 3159 1612 3214 de
1630 3158 1764 3215 Thomas
1786 3159 1915 3231 d’Aquin
1936 3160 1988 3231 qui

651 3265 823 3305 commence
846 3266 896 3321 par
917 3265 965 3305 ces
983 3253 1086 3304 'mots:
1108 3248 1214 3304 Adhuc
1236 3260 1334 3305 autem
1355 3248 1482 3320 gravius,
1506 3264 1574 3303 avec
1594 3250 1619 3304 le
1640 3265 1759 3320 passage
1781 3248 1821 3305 du
1848 3249 1989 3321 prologue

652 3339 795 3395 ci-dessus
811 3355 817 3393 :
836 3339 877 3394 Ex
893 3340 949 3394 hoc
964 3339 1042 3393 enim
1058 3337 1139 3409 quod
1157 3337 1363 3410 philosophus.

739 3430 750 3460 ⁴
771 3429 833 3483 Fol.
853 3430 957 3499 ¹40·43·
979 3427 1113 3499 Incipit:
1129 3427 1235 3483 Omnis
1254 3428 1374 3483 scientia
1392 3438 1435 3483 est
1453 3427 1488 3482 de
1506 3427 1606 3499 aliquo
1624 3439 1699 3494 ente,
1719 3427 1790 3498 quia
1807 3428 1843 3482 de
1857 3444 1891 3483 eo
1906 3428 1987 3500 quod

651 3517 775 3573 omnino
790 3517 862 3572 nihil
878 3529 931 3583 est,
949 3534 1009 3572 non
1025 3529 1121 3588 potest
1136 3517 1203 3572 sciri
1218 3516 1290 3588 quid
1307 3518 1406 3589 ipsum
1422 3529 1475 3583 est,
1490 3517 1569 3573 velut
1584 3517 1713 3573 chimera
1726 3529 1753 3573 et
1767 3516 1950 3587 hujusmodi.

740 3607 751 3638 ⁰
772 3606 842 3679 Voy.
861 3624 889 3678 ρ.
906 3622 1009 3661 cxcvu.

740 3696 752 3729 ⁶
771 3696 817 3750 On
832 3695 990 3751 trouverait
1003 3695 1076 3750 dans
1090 3711 1121 3750 ce
1135 3695 1218 3751 traite
1231 3696 1257 3751 la
1270 3695 1402 3751 doctrine
1415 3695 1487 3752 d’un
1501 3695 1592 3766 grand
1606 3697 1729 3751 nombre
1742 3696 1778 3751 de
1792 3697 1989 3769 propositions

652 3785 850 3840 condamnees
873 3802 907 3841 en
934 3801 1009 3857 1277,
1034 3784 1240 3857 specialemem
1260 3786 1344 3841 celles
1366 3785 1418 3857 qui
1441 3786 1604 3857 expriment
1627 3786 1653 3840 la
1675 3786 1784 3842 theorie
1806 3786 1846 3842 du
1870 3798 1989 3858 rapport

653 3875 703 3929 des
723 3873 872 3930 differents
892 3873 992 3931 ordres
1012 3873 1047 3928 de
1065 3890 1167 3930 causes
1187 3886 1266 3930 entre
1286 3875 1362 3930 elles.
1385 3874 1467 3929 hinsi
1487 3890 1675 3947 comparons,
1697 3876 1714 3930 a
1733 3875 1798 3931 titre
1817 3875 1987 3948 d’exemple‚

653 3965 692 4018 les
712 3963 911 4035 propositions
924 3962 1121 4018 condamnees
1136 3964 1168 4018 53
1182 3976 1209 4018 et
1224 3964 1257 4018 58
1271 3980 1338 4019 avec
1357 3965 1381 4018 le
1401 3963 1544 4035 fragment
1561 3963 1678 4020 suivant
1696 3963 1731 4019 de
1749 3966 1776 4020 la
1792 3964 1939 4035 question.
1954 3996 1989 4005 —

653 4053 696 4108 53.
717 4052 804 4121 Quod
824 4053 917 4108 Deum
938 4068 1053 4107 necesse
1071 4064 1114 4108 est
1133 4053 1233 4119 facere,
1254 4052 1397 4124 quicquid
1417 4052 1585 4108 immediate
1603 4052 1681 4107 facit.
1696 4084 1730 4092 -
1745 4053 1787 4107 58.
1804 4053 1892 4122 Quod
1911 4054 1989 4109 Deus

652 4153 696 4197 est
709 4158 797 4197 causa
813 4142 972 4197 necessaria
988 4142 1080 4213 prime
1094 4141 1292 4213 intelligentie,
1308 4159 1368 4214 qua
1384 4142 1478 4214 posita
1494 4142 1613 4214 ponitur
1628 4140 1758 4208 effectus
1773 4154 1800 4197 et
1814 4155 1885 4198 sunt
1900 4142 1988 4198 simul

652 4231 817 4287 duratione.
840 4230 944 4286 Cltart.
972 4230 1059 4286 Univ.
1086 4231 1196 4296 Paris,
1221 4232 1242 4298 1,
1267 4249 1295 4303 p.
1321 4232 1429 4303 54647.
1451 4263 1484 4272 -
1507 4231 1622 4287 Primus
1646 4230 1733 4304 [ordo
1753 4230 1923 4304 causarum]
1947 4243 1990 4287 est

653 4320 733 4392 quod
755 4337 842 4377 causa
863 4320 956 4392 prima
977 4321 1073 4377 tocius
1094 4337 1165 4387 esse,
1187 4333 1231 4377 est
1251 4337 1339 4376 causa
1360 4321 1451 4392 prime
1472 4320 1663 4391 intelligencie
1684 4338 1733 4393 ρετ
1755 4338 1786 4376 se
1808 4320 1987 4387 immediata,

654 4411 831 4474 necessatia;
847 4422 947 4481 etqua
966 4411 1060 4482 posita
1079 4411 1125 4475 sit,
1145 4423 1172 4465 et
1191 4411 1311 4482 ponitur
1331 4412 1382 4465 hec
1400 4410 1602 4480 intelligencie,
1618 4427 1676 4481 que
1693 4422 1736 4466 est
1754 4421 1908 4466 causatum
1927 4411 1989 4467 elus

654 4500 782 4572 primum
799 4515 805 4554 ε
820 4513 863 4555 est
877 4499 997 4570 quidem
1016 4516 1105 4554 causa
1121 4499 1184 4555 eius
1202 4516 1252 4573 ρετ
1270 4517 1309 4555 se.
1330 4500 1462 4555 Primum
1481 4500 1559 4554 enim
1579 4499 1651 4555 nihil
1668 4511 1769 4555 causat
1788 4516 1837 4572 ρετ
1854 4499 1989 4555 accidens

653 4606 722 4645 cum
741 4589 765 4644 ei
786 4588 857 4643 nihil
876 4605 995 4643 causare
1014 4589 1128 4660 possit:
1149 4601 1220 4644 tunc
1238 4589 1316 4644 enim
1336 4605 1395 4644 non
1414 4602 1489 4645 esset
1507 4589 1602 4644 tocius
1619 4589 1694 4644 entis
1711 4605 1810 4655 causa,
1830 4589 1900 4660 quia
1917 4590 1990 4644 acci-

653 4679 791 4735 dentium
811 4678 846 4733 ad
866 4677 990 4733 invicem
1007 4695 1067 4733 non
1086 4690 1129 4734 est
1147 4678 1229 4733 ordo.
1247 4679 1407 4733 Causatum
1427 4691 1479 4743 est,
1499 4691 1527 4734 et
1544 4678 1606 4734 eius
1622 4695 1709 4733 causa
1725 4678 1904 4745 immediata,
1921 4679 1991 4750 quia

655 4768 727 4824 illud
747 4780 790 4824 est
809 4780 963 4824 causatum
980 4768 1042 4823 eius
1058 4768 1198 4839 primum.
1220 4768 1271 4823 Est
1288 4768 1365 4823 enim
1385 4768 1447 4823 eius
1465 4784 1553 4823 causa
1569 4768 1737 4833 necessaria,
1754 4768 1824 4839 quia
1839 4784 1927 4823 causa
1942 4784 1991 4840 per

655 4874 694 4923 se,
721 4858 769 4913 cui
796 4874 855 4912 non
881 4868 977 4935 potest
1000 4857 1129 4912 accidere
1154 4857 1412 4929 impedimentum,
1440 4873 1492 4914 nec
1517 4870 1618 4914 causat
1644 4873 1693 4929 per
1718 4857 1844 4912 mediam
1869 4873 1988 4913 causam

654 4947 865 5019 impedibilem‚
885 4959 928 5002 est
946 4963 1033 5002 eausa
1054 4946 1213 5002 necessaria
1232 4946 1277 5002 sui
1296 4945 1425 5002 effectus.
1446 4946 1493 5001 Sic
1514 4959 1611 5002 autem
1631 4964 1661 5001 se
1682 4947 1769 5002 hahet
1788 4962 1877 5002 causa
1897 4947 1990 5019 prima

654 5036 689 5091 ad
706 5051 794 5091 suum
811 5035 947 5091 effectum
965 5036 1104 5107 primum.
1124 5035 1209 5090 Unde
1223 5048 1266 5091 est
1281 5035 1343 5091 eius
1358 5052 1446 5091 causa
1466 5036 1636 5102 necessaria,
1657 5037 1697 5091 ita
1715 5035 1797 5107 quod
1813 5052 1926 5108 semper
1941 5036 1988 5100 sit,

654 5139 697 5180 est
711 5138 738 5180 et
755 5125 809 5180 fuit
824 5141 892 5181 cum
910 5125 984 5197 ipso.
1004 5126 1064 5179 Fol.
1086 5131 1153 5196 140',
1170 5141 1195 5179 a.
1214 5125 1308 5197 Voyez
1325 5126 1390 5197 plus
1408 5127 1488 5191 haut,
1506 5142 1534 5197 p.
1551 5141 1666 5191 cxxxtx,
1683 5137 1751 5180 note
1770 5143 1791 5180 t.
