4892 6540
710 1066 842 1149 pluries,
867 1079 903 1130 ut
927 1068 960 1128 in
985 1065 1098 1129 eodem
1123 1066 1208 1148 viij0,
1233 1078 1345 1130 contra
1368 1065 1452 1149 leges
1475 1067 1669 1130 creationem
1694 1080 1881 1143 asserentes,
1907 1069 1940 1131 in
1964 1068 2041 1132 talia

710 1174 899 1256 perrumpit.

791 1280 857 1362 [31]
880 1280 1022 1344 Vlterius
1037 1282 1155 1343 errauit
1171 1281 1204 1342 in
1221 1281 1282 1363 vij⁰
1297 1280 1527 1364 metaphysice,
1542 1280 1653 1344 dicens
1668 1280 1754 1365 quod
1778 1281 1908 1344 nullum
1925 1283 2041 1346 immo-

710 1387 774 1451 bile
802 1400 998 1450 transmutat
1027 1387 1159 1462 mobile,
1188 1388 1250 1450 nisi
1281 1388 1444 1451 mediante
1471 1407 1604 1470 corpore
1631 1388 1885 1464 transmutabili,
1914 1401 2042 1471 propter

666 1511 679 1554 5
708 1495 797 1579 quod
823 1495 957 1577 angelus
983 1514 1051 1557 non
1079 1506 1193 1578 potest,
1221 1514 1280 1557 nec
1306 1508 1413 1578 posset
1438 1515 1544 1558 unum
1572 1493 1711 1578 lapidem
1740 1493 1874 1557 inferius
1899 1515 2039 1559 mouere.

708 1601 806 1682 Quod
826 1602 851 1665 si
871 1601 982 1685 aliquo
1004 1601 1103 1664 modo
1125 1603 1215 1684 sequi
1239 1614 1344 1685 posset
1363 1621 1401 1665 ex
1421 1601 1514 1665 dictis
1537 1601 1736 1685 philosophi,
1758 1602 1825 1684 ipse
1844 1614 1952 1665 tamen
1973 1621 2040 1666 non

708 1708 788 1773 adeo
808 1728 955 1791 expresse
976 1708 1036 1772 hoc
1059 1710 1199 1792 negauit.

789 1817 857 1899 [32]
883 1816 1024 1879 Vlterius
1050 1817 1169 1880 errauit
1192 1816 1315 1892 dicens,
1340 1816 1373 1878 in
1401 1817 1443 1897 xij
1469 1815 1698 1900 metaphysice‚
1723 1815 1811 1900 quod
1839 1817 1981 1899 potentia
2007 1817 2041 1879 in

710 1922 922 2005 productione
942 1922 1080 1986 alicuius
1103 1942 1169 1985 non
1193 1936 1297 2005 potest
1318 1922 1425 1986 solum
1448 1942 1516 1986 esse
1539 1924 1572 1985 in
1595 1936 1719 2006 agente,
1743 1925 1931 2007 uituperans
1953 1924 2042 1986 ioan-

651 2062 680 2094 ιο
711 2048 784 2092 nem
809 2031 1013 2105 cristianum,
1038 2030 1094 2113 qui
1121 2029 1182 2092 hoc
1208 2030 1353 2092 asseruit.
1384 2028 1439 2092 Est
1465 2030 1554 2093 enim
1580 2043 1692 2094 contra
1720 2030 1885 2093 ueritatem
1914 2029 1987 2107 hoc,
2011 2042 2042 2093 et

708 2150 821 2201 contra
853 2151 998 2212 sanctos,
1027 2138 1105 2220 quia
1134 2137 1166 2198 in
1196 2136 1361 2220 aliquibus
1395 2135 1486 2199 lactis
1513 2148 1579 2200 tota
1608 2137 1689 2201 ratio
1717 2137 1791 2200 facti
1819 2149 1866 2200 est
1900 2138 2041 2220 potentia

708 2244 866 2308 facientis.

790 2352 856 2435 [33]
878 2352 1022 2415 Vlterius
1049 2352 1168 2414 errauit
1195 2350 1319 2427 dicens,
1349 2352 1382 2413 in
1411 2351 1525 2414 eodem
1555 2351 1612 2432 xij,
1641 2371 1659 2415 a
1688 2351 1780 2414 nullo
1808 2364 1921 2435 agente
1949 2372 2042 2436 posse

710 2459 856 2543 progredi
882 2458 1069 2522 immediate
1091 2458 1220 2522 diuersa
1243 2471 1273 2521 et
1296 2459 1468 2534 contraria,
1491 2471 1521 2520 et
1544 2477 1583 2521 ex
1606 2458 1668 2522 hoc
1689 2459 1849 2542 vituperat
1873 2459 2042 2543 loquentes

650 2587 679 2631 15
708 2567 741 2628 in
762 2567 865 2630 tribus
885 2566 1021 2649 legibus,
1038 2566 1158 2630 scilicet
1176 2567 1416 2641 cristianorum,
1439 2584 1681 2629 sarracenorum
1701 2580 1731 2629 et
1752 2566 1922 2629 iudeorum
1940 2568 1964 2643 ¹,
1984 2568 2041 2650 qui

709 2673 770 2737 hoc
785 2674 980 2737 asserebant.

788 2781 855 2865 [34]
880 2781 1023 2844 Vlterius
1042 2782 1161 2845 errauit
1176 2781 1209 2843 in
1225 2780 1312 2844 dicto
1327 2781 1370 2843 xii
1386 2779 1498 2843 dicens
1513 2781 1601 2862 quod
1620 2799 1736 2843 omnes
1756 2780 1935 2844 substantie
1950 2780 2043 2844 intel-

708 2888 858 2953 lectuales
880 2901 957 2951 sunt
977 2901 1084 2952 eterne
1105 2901 1136 2952 et
1158 2889 1241 2952 actio
1265 2908 1356 2971 pura,
1380 2907 1447 2950 non
1471 2886 1626 2951 habentes
1648 2886 1825 2950 admixtam
1850 2889 2041 2970 potentiam,

707 2997 759 3058 cui
781 2996 939 3059 sententie
961 2996 1108 3078 ipsemet,
1128 3015 1146 3057 a
1166 2996 1300 3059 ueritate
1321 3007 1462 3068 coactus,
1482 2993 1672 3057 contradicit
1692 2995 1725 3056 in
1746 2996 1838 3058 tertio
1857 2994 1897 3058 de
1917 2995 2041 3070 anima,

648 3135 679 3167 20
707 3102 819 3165 dicens
844 3103 970 3166 nullam
996 3101 1135 3166 formam
1160 3121 1228 3166 esse
1250 3102 1384 3166 liberam
1409 3121 1427 3163 a
1453 3102 1595 3185 potentia
1621 3101 1821 3184 simpliciter,
1847 3102 1909 3165 nisi
1936 3101 2042 3165 forma

709 3210 813 3292 prima
826 3230 834 3286 ;
859 3229 933 3272 nam
957 3229 1073 3273 omnes
1094 3210 1156 3273 alie
1180 3208 1283 3272 forme
1304 3207 1565 3273 diuersificantur
1585 3221 1616 3272 et
1638 3209 1775 3272 essentia
1799 3221 1830 3271 et
1850 3208 2041 3293 quidditate,

708 3317 790 3379 sicut
806 3317 941 3399 ipsemet
958 3316 1078 3382 subdit.

789 3424 856 3508 [35]
881 3425 1023 3487 Vlterius
1048 3426 1167 3488 errauit
1192 3426 1226 3486 in
1250 3424 1336 3488 dicto
1360 3424 1417 3498 xii,
1442 3423 1553 3486 dicens
1577 3423 1674 3486 deum
1701 3443 1767 3486 non
1795 3423 1959 3487 sollicitari
1985 3442 2043 3487 nec

709 3531 826 3595 babere
844 3552 955 3595 curam
977 3533 1046 3596 siue
1069 3532 1307 3620 prouidentiam
1331 3530 1579 3594 indiuiduorum
1598 3530 1651 3592 hic
1666 3529 1800 3593 inferius
1820 3532 2041 3608 existentium,

648 3661 679 3705 25
708 3638 873 3702 adducens
889 3658 946 3721 pro
963 3641 1086 3702 ratione
1100 3640 1176 3722 quia
1193 3638 1254 3702 hoc
1270 3658 1337 3701 non
1352 3652 1400 3701 est
1414 3639 1615 3701 conueniens
1630 3638 1743 3701 diuine
1759 3639 1906 3702 bonitati.

790 3745 856 3829 [36]
879 3746 1022 3809 Vlterius
1037 3747 1156 3809 errauit
1172 3766 1292 3829 negans
1308 3746 1483 3817 trinitatem
1501 3745 1533 3807 in
1551 3744 1611 3809 deo
1626 3764 1705 3822 esse,
1721 3745 1832 3809 dicens
1847 3748 1881 3808 in
1896 3745 1983 3809 dicto
1997 3747 2041 3808 xii

708 3853 796 3937 quod
816 3853 917 3936 aliqui
939 3867 1136 3936 putauerunt
1155 3853 1331 3916 trinitatem
1355 3853 1386 3914 in
1407 3852 1469 3916 deo
1487 3871 1567 3927 esse,
1587 3866 1618 3915 et
1637 3852 1812 3916 uoluerunt
1833 3853 1968 3916 euadere
1988 3872 2043 3935 per

709 3961 771 4026 hoc
790 3973 821 4024 et
839 3961 944 4024 dicere
963 3959 1051 4043 quod
1071 3974 1148 4023 sunt
1168 3973 1229 4023 tres
1248 3973 1280 4023 et
1298 3979 1386 4023 unus
1405 3959 1497 4035 deus,
1517 3972 1547 4022 et
1569 3962 1778 4023 nesciuerunt
1797 3959 1945 4035 euadere,
1965 3961 2042 4043 quia

708 4088 783 4131 cum
818 4068 1000 4131 substantia
1034 4066 1130 4130 fuerit
1163 4079 1350 4143 numerata,
1379 4079 1607 4149 congregatum
1638 4068 1696 4130 erit
1723 4087 1826 4130 vnum
1859 4087 1913 4150 per
1940 4086 2041 4130 vnam
2103 4070 2107 4076 '

648 4197 680 4241 30
710 4176 924 4238 intentionem
954 4174 1117 4249 additam,
1148 4188 1277 4257 propter
1303 4173 1390 4257 quod
1420 4173 1599 4236 secundum
1632 4175 1757 4257 ipsum,
1786 4175 1813 4237 si
1843 4174 1930 4236 Deus
1962 4188 2043 4237 esset

709 4283 814 4346 trinus
833 4295 864 4345 et
882 4301 967 4345 vnus
988 4297 1172 4365 sequeretur
1190 4279 1277 4365 quod
1298 4295 1381 4345 esset
1398 4282 1611 4363 compositus,
1627 4281 1715 4363 quod
1730 4295 1778 4344 est
1792 4281 2040 4344 inconueniens.

790 4390 857 4473 [37]
879 4388 1024 4452 Vlterius
1042 4390 1162 4453 errauit
1180 4388 1291 4451 dicens
1310 4388 1408 4452 deum
1430 4408 1498 4451 non
1518 4407 1709 4471 cognoscere
1729 4387 1944 4471 particularia,
1965 4389 2041 4472 quia

709 4510 786 4560 sunt
810 4497 950 4572 infinita,
976 4510 1012 4561 ut
1037 4510 1122 4580 patet
1146 4498 1179 4558 in
1203 4508 1392 4560 commento
1418 4515 1478 4559 suo
1503 4515 1600 4578 super
1623 4496 1679 4559 illo
1704 4495 1859 4579 capitulo,
1884 4497 2042 4559 sententia

710 4617 852 4687 patrum,
867 4620 926 4668 etc.

648 4733 680 4777 as
791 4713 857 4796 [38]
880 4713 1023 4776 Vlterius
1046 4713 1165 4775 errauit
1188 4712 1266 4794 quia
1288 4711 1418 4793 negauit
1440 4711 1553 4774 omnia
1575 4731 1638 4794 que
1662 4711 1714 4774 iric
1741 4711 1876 4775 inferius
1902 4724 2042 4794 aguntur

711 4820 818 4884 reduci
849 4821 881 4883 in
909 4820 1058 4883 diuinam
1085 4818 1353 4894 sollicitudinem,
1378 4818 1447 4881 siue
1474 4819 1507 4880 in
1531 4818 1680 4881 diuinam
1709 4819 1961 4901 prouidentiam,
1987 4817 2041 4881 sed

710 4927 890 4991 secundum
912 4926 1021 5010 aliqua
1043 4927 1243 5010 proueniunt
1263 4945 1302 4989 ex
1325 4926 1511 4991 necessitate
1535 4927 1665 4991 materie
1688 4926 1811 5013 absque
1833 4926 1947 4994 ordine
1969 4925 2042 4991 talis

782 5152 792 5185 ¹
811 5152 857 5210 Ms
869 5177 905 5196 =
918 5167 1099 5208 maurorum.
