4892 6540
993 869 1196 943 ...29-

428 1041 570 1110 debitam
600 1046 641 1109 ad
669 1065 738 1109 esse
767 1046 934 1129 proprium
965 1045 1069 1109 forme
1095 1059 1125 1109 et
1150 1060 1258 1110 actum
1287 1060 1318 1112 et
1342 1046 1568 1130 operacionem
1599 1068 1667 1112 non
1696 1061 1765 1132 per-

427 1152 617 1237 [arilfician
638 1166 826 1217 errantum.
851 1153 917 1217 Nec
936 1153 1035 1217 huius
1056 1155 1294 1237 proposicionis
1315 1155 1482 1218 inuenitur
1499 1156 1669 1219 instancia.
1687 1156 1764 1219 Siue

427 1260 524 1342 igitur
537 1259 626 1343 quod
646 1273 718 1323 actu
738 1274 785 1323 est
805 1279 877 1343 pars
897 1259 1042 1323 hominis
1060 1258 1101 1322 ad
1120 1278 1189 1322 esse
1208 1259 1368 1323 racionale
1383 1272 1413 1323 et
1427 1273 1534 1323 actum
1552 1274 1583 1324 et
1601 1262 1765 1345 operacio-

427 1386 502 1430 nem
518 1370 629 1431 anime
645 1368 816 1432 racionalis
831 1380 878 1431 est
892 1367 1164 1442 determinatum
1179 1365 1266 1430 vnde
1274 1368 1453 1450 vegetatiua
1468 1387 1542 1432 caro
1554 1368 1763 1431 vehetacionc

427 1472 573 1537 hominis
592 1474 632 1537 ad
652 1487 760 1538 actum
781 1475 849 1537 viui
870 1473 1040 1537 racionalis
1058 1487 1105 1538 est
1123 1486 1278 1557 vegetata,
1294 1487 1324 1537 ct
1344 1495 1457 1538 sensus
1477 1477 1574 1539 sentit
1592 1475 1633 1538 ad
1652 1489 1761 1540 actum
1793 1490 1806 1534 5

425 1581 493 1642 viui
518 1582 690 1645 racionalis
713 1585 743 1659 1;
766 1581 859 1645 aliter
879 1582 967 1645 enirn
992 1581 1169 1663 intelligere
1196 1582 1451 1665 intelligentibus
1478 1603 1545 1647 non
1573 1597 1655 1648 esset
1681 1604 1761 1660 esse,

425 1688 513 1772 quod
539 1703 586 1753 est
612 1690 866 1765 inconueniens,
892 1690 969 1772 quia
996 1691 1029 1751 in
1058 1689 1261 1753 naturalibus
1290 1691 1462 1773 probatum
1491 1692 1652 1775 estquod
1679 1693 1763 1755 sicut

425 1796 534 1860 viuere
548 1796 737 1859 uiuentibus
752 1809 799 1859 est
813 1816 881 1859 esse
895 1809 926 1859 et
940 1797 1058 1859 sentire
1077 1797 1309 1875 sencientibus,
1326 1799 1369 1861 ita
1384 1798 1560 1882 intelligere
1580 1799 1762 1881 intelligen-

425 1904 523 1968 tibus.
542 1903 714 1988 Separatur
727 1916 836 1967 autem
852 1905 964 1967 anima
979 1903 1151 1967 racionalis
1165 1904 1248 1968 sicut
1263 1905 1461 1989 incorporale
1476 1925 1494 1968 a
1509 1905 1678 1988 corporali.
1695 1906 1761 1969 hut

425 2032 499 2095 ergo
519 2025 685 2096 separatur
703 2011 884 2075 secundum
905 2024 1006 2075 totam
1029 2011 1263 2088 substanciam,
1283 2026 1340 2076 aut
1358 2012 1538 2076 secundum
1561 2026 1682 2095 partem
1704 2032 1761 2076 sue
1793 2039 1822 2070 ιο

425 2120 619 2183 substancie.
638 2120 704 2183 Nec
724 2132 827 2203 potest
845 2120 908 2183 dici
928 2119 1017 2203 quod
1038 2119 1219 2183 secundum
1240 2133 1362 2202 partem
1385 2139 1442 2182 sue
1464 2119 1649 2184 substancie
1671 2139 1761 2203 sepa-

425 2240 525 2303 ratur,
548 2247 606 2291 nec
627 2228 762 2311 intelligi
787 2240 890 2311 potest
908 2227 997 2312 quod
1020 2246 1093 2310 pars
1112 2227 1297 2291 substancie
1316 2240 1490 2310 separetur,
1510 2241 1541 2290 et
1563 2246 1630 2291 non
1652 2240 1758 2291 toturn

425 2335 458 2397 in
483 2335 690 2420 talibusque
714 2355 781 2399 non
807 2335 894 2399 mole
916 2336 1106 2419 quantitatis
1130 2334 1370 2398 distenduntur.
1399 2333 1571 2418 Separatur
1593 2354 1667 2418 ergo
1694 2348 1759 2398 tota

424 2443 609 2507 substancia
628 2444 738 2506 anime
752 2462 816 2526 que
834 2455 881 2506 est
902 2443 1006 2506 forma
1026 2442 1166 2506 humani
1185 2443 1340 2524 corporis,
1360 2443 1514 2525 quamuis
1534 2436 1760 2526 in'separata²

423 2551 535 2614 anima
557 2551 665 2634 alique
689 2551 912 2633 potenciarum
936 2569 1002 2613 non
1026 2562 1215 2632 separentur
1236 2548 1415 2613 secundum
1439 2550 1614 2633 essequod
1638 2548 1760 2613 habent
1791 2562 1819 2606 1⁵

424 2658 457 2720 in
480 2678 625 2742 corpore,
648 2659 730 2721 sicut
753 2670 838 2741 patet
860 2677 915 2741 per
935 2672 1010 2721 ante
1030 2657 1126 2720 dicta.

503 2765 537 2829 Si
553 2780 661 2830 autern
684 2766 734 2828 isti
757 2765 833 2829 noui
850 2765 976 2847 antiqui
992 2764 1108 2828 erroris
1123 2764 1243 2828 vellent
1256 2784 1325 2829 esse
1338 2764 1502 2848 discipuli,
1518 2765 1573 2848 qui
1590 2784 1608 2827 a
1625 2764 1758 2828 Platone

423 2872 589 2936 deriuatus
609 2886 668 2949 est,
688 2885 719 2935 et
737 2872 841 2935 dicere
863 2872 964 2935 velint
983 2872 1071 2954 quod
1093 2871 1278 2955 vegetabilis
1299 2885 1330 2935 et
1350 2872 1514 2936 sensibilis
1535 2885 1565 2935 et
1586 2872 1758 2934 racionalis

423 2993 486 3043 tres
505 2993 583 3043 sunt
602 2979 787 3042 substancie
805 2998 869 3062 que
888 2992 966 3042 sunt
985 2980 1018 3041 in
1041 2980 1187 3054 homine,
1208 2978 1301 3042 facile
1320 2979 1381 3042 hoc
1399 2978 1529 3044 eliditur
1545 2998 1601 3061 per
1615 2979 1756 3062 prirnam

425 3087 680 3171 philosophiam,
702 3087 779 3170 quia
801 3087 983 3151 secundum
1007 3086 1069 3151 hoc
1088 3086 1247 3150 diffinicio
1269 3087 1413 3150 hominis
1432 3105 1497 3170 qua
1515 3085 1634 3150 dIcitur
1651 3106 1756 3150 vnum
1787 3111 1819 3143 20

422 3194 575 3258 sensibile
593 3207 624 3257 et
643 3194 804 3257 racionale
823 3207 905 3258 esset
925 3194 1029 3258 multa
1043 3207 1072 3258 et
1090 3214 1155 3258 non
1172 3213 1288 3258 vnum.
1311 3193 1365 3256 Sic
1383 3194 1472 3256 eninr
1487 3193 1627 3257 dicendo
1640 3194 1756 3257 viuum

423 3321 490 3365 non
512 3317 559 3366 est
580 3303 614 3364 in
638 3302 783 3365 sensibili
808 3322 862 3385 per
883 3322 951 3366 esse
972 3301 1136 3377 sensibile,
1159 3315 1191 3365 et
1211 3300 1364 3365 sensibile
1386 3320 1453 3364 non
1477 3302 1580 3364 estin
1604 3301 1757 3365 racionali

423 3428 478 3492 per
501 3429 569 3472 esse
593 3409 753 3473 racionale
773 3412 798 3486 ⁸,
824 3410 879 3473 sed
904 3423 966 3474 tres
989 3423 1085 3473 erunt
1108 3409 1292 3473 substancie
1314 3408 1476 3484 distincte,
1501 3427 1640 3490 quarum
1667 3407 1757 3471 nulla

423 3534 479 3599 per
492 3536 560 3579 esse
578 3529 626 3579 est
646 3518 679 3579 in
699 3516 773 3579 alia.
791 3516 888 3596 Quod
909 3518 934 3579 si
954 3517 1080 3581 dicatur
1098 3516 1139 3579 ab
1158 3516 1282 3599 aliquo,
1299 3515 1353 3579 ille
1373 3527 1502 3599 propter
1521 3516 1756 3598 ignoranciam,

422 3642 440 3685 a
462 3624 558 3687 scolis
581 3623 789 3706 philosophie
810 3624 986 3699 eiciendus,
1009 3625 1085 3707 quia
1107 3623 1179 3687 talis
1202 3643 1260 3707 pro
1281 3627 1394 3686 certo⁴
1416 3624 1541 3705 ignorat
1563 3624 1632 3705 ipsa
1654 3622 1758 3705 philo
1787 3637 1819 3681 25

423 3729 537 3813 sophie
557 3731 725 3814 principia.
748 3729 782 3792 Si
803 3744 910 3793 autern
926 3729 1011 3794 dicat
1029 3731 1118 3813 quod
1139 3732 1206 3813 ipse
1224 3729 1440 3815 philosophus
1454 3730 1532 3793 dicit
1552 3730 1586 3792 in
1607 3731 1638 3792 xi
1660 3743 1758 3795 meta-

422 3836 565 3920 physice,
587 3837 675 3919 quod
699 3857 766 3901 non
788 3850 855 3901 tota
876 3839 987 3901 anima
1010 3838 1114 3921 [mss]
1138 3838 1284 3902 hominis
1306 3850 1482 3921 separatur,
1506 3857 1564 3921 pro
1585 3850 1673 3902 certo
1696 3837 1758 3901 hoc

422 3943 500 4007 dicit
524 3943 739 4028 philosophus
765 3964 831 4008 non
854 3946 867 3988 ⁶
890 3957 1055 4028 propterea
1077 3945 1165 4027 quod
1189 3965 1256 4008 non
1281 3958 1347 4009 tota
1373 3945 1559 4009 substancia
1582 3959 1757 4029 separetur,

423 4051 477 4114 sed
492 4053 570 4134 quia
586 4071 653 4114 non
669 4064 735 4115 tota
750 4065 915 4135 separatur
930 4052 1110 4115 secundum
1128 4072 1196 4116 csse
1211 4053 1448 4135 potenciarum.

1038 4347 1143 4432 [vui]

502 4537 624 4600 Dicunt
638 4550 754 4600 octauo
768 4535 856 4619 quod
876 4536 988 4599 anima
1007 4548 1151 4618 separata
1168 4548 1239 4618 post
1256 4549 1392 4600 mortem
1411 4555 1477 4600 non
1494 4538 1613 4619 patitur
1627 4536 1668 4600 ab
1684 4537 1758 4619 igne

420 4663 584 4727 corporeo.
607 4644 670 4707 Sed
691 4644 752 4707 hoc
773 4643 866 4707 nullo
886 4643 985 4707 modo
1004 4657 1051 4709 est
1070 4643 1348 4727 philosophicum,
1364 4663 1439 4707 curn
1456 4657 1565 4707 tamen
1581 4665 1599 4707 a
1615 4644 1756 4719 Socrate,

422 4752 455 4813 in
479 4751 544 4814 fine
566 4751 639 4815 libri
660 4753 717 4835 qui
743 4752 872 4834 phedon
895 4751 1075 4834 appellatur
1093 4754 1117 4828 θ,
1141 4752 1207 4814 sint
1229 4752 1297 4814 loca
1321 4770 1477 4833 penarum
1499 4764 1529 4814 et
1549 4752 1640 4815 fluvii
1662 4751 1758 4814 inler-

504 4958 511 4989 ¹
533 4957 615 5012 Certe
627 4957 738 5030 phrase
751 4967 793 5013 est
807 4959 983 5025 incorrecte,
1002 4959 1025 5014 r‘l
1040 4976 1115 5015 nous
1127 4959 1236 5014 semble
1250 4959 1336 5030 qu'on
1353 4958 1469 5013 derrait
1485 4958 1543 5013 lire
1557 4957 1654 5013 ainsi:
1670 4957 1757 5012 Sicut

421 5046 542 5117 igitur...
564 5059 592 5103 et
616 5048 806 5104 adactum...
824 5048 1055 5119 itauegetatiua.
1076 5080 1110 5089 —
1129 5048 1141 5081 ¹
1160 5048 1253 5118 Ms†
1268 5047 1312 5104 sit.
1334 5079 1368 5088 -
1387 5048 1398 5080 ⁸
1417 5048 1462 5103 hls
1480 5074 1516 5092 =
1540 5046 1701 5102 racionalis.
1723 5076 1757 5085 —

420 5136 431 5168 ⁴
453 5137 498 5192 Ms
510 5163 546 5182 =
558 5150 645 5194 certa.
667 5169 700 5178 —
721 5137 733 5171 ⁶
751 5137 884 5210 Manque
896 5138 972 5194 dans
985 5139 1013 5194 le
1028 5155 1079 5193 ms.
1101 5169 1135 5178 -
1154 5137 1166 5170 ⁶
1184 5138 1230 5193 Ms
1244 5164 1280 5182 =
1294 5139 1454 5210 appelatus.
