4892 6540
1266 825 1470 895 ..13-

700 1014 822 1101 posicio
846 1018 1026 1082 secundum
1051 1019 1139 1102 quod
1164 1024 1235 1082 eam
1261 1019 1438 1083 allarabius
1461 1020 1701 1084 determinavit.
1728 1020 1775 1083 Ex
1797 1041 1862 1105 qua
1888 1022 2033 1105 sequitur

698 1125 899 1189 intellectum
925 1127 1112 1210 possibilem
1136 1126 1390 1209 intelligibilium
1415 1129 1569 1191 omnium
1593 1147 1662 1191 esse
1684 1128 1885 1211 spiritualem
1911 1143 1940 1193 ει
1965 1148 2031 1195 non

697 1234 837 1297 omnino
867 1235 1049 1317 potenciam
1078 1253 1146 1297 esse
1176 1235 1374 1298 materialem
1402 1234 1443 1298 ad
1469 1237 1550 1317 ipsa.
1582 1234 1620 1298 Et
1645 1237 1722 1318 quia
1750 1236 1791 1299 ad
1821 1235 2031 1320 philosophos

697 1339 865 1423 loquimur
883 1343 940 1425 qui
962 1342 994 1403 in
1015 1341 1134 1406 talibus
1156 1341 1292 1425 perfecte
1311 1342 1431 1405 debent
1446 1361 1514 1405 esse
1535 1343 1696 1419 instructi,
1713 1341 1777 1406 hiis
1798 1343 1941 1427 amplius
1964 1363 2029 1407 non

654 1472 667 1517 5
697 1449 891 1513 insistimus.

778 1557 852 1621 Post
887 1557 947 1621 hos
980 1559 1064 1641 greci
1100 1559 1261 1641 sapientes
1298 1558 1483 1642 porphirius
1518 1571 1548 1621 et
1585 1558 1786 1634 Eustracius,
1822 1559 1968 1641 aspasius
2000 1573 2030 1622 et

696 1665 869 1728 michahek
890 1666 1041 1748 ephesius
1056 1670 1079 1739 .¹,
1102 1680 1134 1729 et
1152 1665 1363 1749 quamplures
1384 1666 1438 1729 alii
1462 1678 1621 1729 venerunt
1645 1678 1717 1749 post
1740 1665 1951 1728 alexandrum
1973 1667 2028 1749 qui

694 1773 826 1855 epicuro
840 1775 1013 1850 consentit,
1029 1776 1086 1857 qui
1101 1793 1217 1838 omnes
1238 1773 1436 1838 intellectum
1459 1773 1604 1837 hominis
1624 1773 1822 1836 intellectum
1844 1792 2027 1856 possessum

694 1892 724 1942 et
746 1900 812 1943 non
836 1881 875 1944 de
900 1896 1015 1946 natura
1037 1882 1253 1966 intelligencie
1276 1883 1464 1945 existentem
1488 1901 1557 1945 esse
1577 1881 1740 1944 dixerunt.
1768 1880 1807 1944 Et
1832 1880 1920 1963 quod
1944 1881 2028 1963 greci

636 2022 665 2054 ιο
693 1990 853 2071 sapientes
881 2010 1079 2073 possessum,
1100 1991 1240 2053 eundern
1270 1990 1405 2054 arabum
1437 1989 1623 2073 philosophi
1650 1990 1832 2064 Auicenna‚
1853 1990 2027 2072 Auerroys,

692 2096 888 2160 Abubacher
906 2111 938 2161 et
956 2098 1091 2181 quidam
1113 2097 1167 2161 alii
1189 2098 1343 2181 adeptum
1366 2117 1434 2160 esse
1455 2097 1617 2172 dicebant,
1640 2098 1716 2180 quia
1740 2097 1771 2159 id
1793 2096 1882 2180 quod
1906 2116 2029 2179 posses-

692 2223 766 2266 sum
786 2217 833 2268 est
851 2205 940 2268 aliud
961 2220 1007 2269 est
1026 2219 1057 2269 et
1070 2205 1201 2269 alterius
1222 2219 1335 2269 nature
1349 2225 1368 2268 a
1383 2205 1578 2288 possidente.
1600 2206 1721 2268 Dicunt
1740 2205 1828 2268 enim
1843 2205 1930 2287 quod
1950 2224 2024 2267 cum

669 2302 803 2374 'anima
826 2312 1052 2377 intellectualis
1073 2313 1218 2378 hominis
1238 2315 1279 2376 sit
1297 2332 1415 2396 ymago
1439 2314 1541 2377 tocius
1563 2312 1651 2376 orbis
1670 2325 1700 2375 et
1719 2312 1787 2376 sola
1808 2314 1918 2375 omnis
1939 2312 2027 2378 orbis

690 2438 790 2502 capax
819 2434 849 2484 et
878 2419 982 2484 forma
1011 2422 1163 2504 organico
1187 2422 1312 2504 corpori
1336 2421 1488 2504 deputata
1519 2440 1574 2504 per
1602 2435 1715 2484 nature
1742 2421 2024 2494 conuenienciam,

633 2548 661 2590 15
691 2546 819 2591 necesse
845 2543 891 2593 est
920 2530 1023 2612 ipsam
1053 2549 1121 2592 esse
1147 2530 1332 2612 ymaginem
1362 2529 1397 2612 [f.
1427 2529 1502 2611 208]
1531 2528 1746 2610 intelligencie
1775 2528 1952 2611 illiusque
1980 2543 2027 2593 est

689 2636 808 2699 decimi
827 2636 926 2699 orbis.
948 2635 1013 2716 Qui
1032 2637 1120 2700 orbis
1139 2650 1187 2700 est
1205 2656 1297 2719 spera
1315 2637 1496 2699 actiuorum
1517 2648 1548 2699 et
1568 2636 1785 2718 passiuorum,
1800 2636 1893 2698 cuius
1909 2635 2026 2698 intelli-

688 2744 799 2826 gencie
819 2745 1036 2807 instrumenta
1056 2758 1133 2808 sunt
1151 2743 1307 2819 calidum,
1329 2742 1496 2826 frigidum,
1518 2742 1692 2805 humidum
1713 2756 1744 2806 et
1763 2743 1898 2819 siccum,
1915 2762 2022 2805 rarum

689 2864 719 2914 et
734 2850 871 2914 densum
894 2864 924 2914 et
943 2851 1005 2914 alia
1028 2871 1090 2934 que
1111 2852 1144 2913 in
1165 2850 1334 2915 elementis
1354 2852 1583 2925 inueniuntur,
1600 2870 1667 2914 non
1687 2850 1821 2933 quidem
1842 2849 2022 2913 secundum

688 2978 733 3033 se,
759 2958 813 3022 sed
838 2959 1017 3022 seeundum
1042 2959 1130 3042 quod
1156 2959 1214 3022 hec
1238 2980 1256 3022 a
1280 2959 1454 3023 virtutibus
1477 2958 1648 3022 celestibus
1675 2972 1762 3021 mota
1789 2958 2021 3021 informantur.

627 3095 659 3127 20
688 3064 816 3148 Ymago
835 3080 943 3129 autem
963 3066 1036 3130 talis
1057 3065 1270 3149 intelligencie
1290 3085 1355 3129 non
1377 3067 1516 3129 omnino
1537 3078 1640 3148 potest
1658 3085 1725 3128 esse
1747 3086 1825 3148 pura
1840 3077 1871 3129 et
1884 3065 2023 3148 simplex

687 3173 770 3237 sicut
788 3188 835 3236 est
855 3186 970 3237 natura
990 3173 1205 3257 intelligencie
1226 3174 1328 3257 prime
1346 3187 1377 3236 et
1395 3172 1563 3256 simplicis.
1585 3173 1619 3236 Si
1639 3173 1727 3236 enim
1748 3172 1821 3235 talis
1841 3186 1933 3248 esset,
1955 3193 2020 3237 non

686 3294 768 3344 esset
787 3279 892 3344 forma
911 3283 1061 3363 organica
1082 3282 1189 3364 primo
1208 3293 1238 3344 et
1259 3301 1313 3364 per
1332 3301 1377 3357 se,
1397 3282 1474 3364 quia
1496 3293 1610 3343 natura
1631 3279 1845 3363 intelligencie
1865 3280 2022 3362 simplicis

687 3407 754 3451 non
770 3401 817 3451 est
831 3389 993 3471 organica.
1010 3389 1131 3451 Anima
1151 3402 1258 3452 autem
1275 3389 1315 3452 de
1334 3402 1449 3452 natura
1464 3409 1522 3452 sua
1536 3403 1583 3452 est
1597 3390 1760 3470 organica,
1776 3401 1807 3450 et
1821 3388 1862 3451 ab
1875 3408 1910 3451 ea
1926 3387 2022 3451 habet

685 3514 802 3579 corpus
825 3496 914 3579 quod
942 3497 1050 3579 ipsum
1077 3510 1124 3560 est
1149 3497 1351 3580 organicum.
1382 3496 1419 3560 Et
1446 3496 1518 3560 ideo
1541 3496 1619 3559 dicit
1642 3497 1803 3579 Auerroys
1826 3515 1890 3579 que
1916 3507 1962 3558 est
1987 3496 2019 3556 in

625 3620 656 3663 25
684 3621 818 3686 corpore
832 3616 880 3666 est
894 3623 912 3666 a
927 3603 1112 3668 diuersitate
1126 3624 1190 3688 que
1208 3619 1256 3668 est
1275 3604 1307 3667 in
1329 3603 1446 3680 forma,
1467 3605 1549 3667 sicut
1567 3603 1737 3668 diuersitas
1756 3622 1952 3685 organorum
1974 3616 2020 3665 est

685 3729 703 3773 a
722 3709 909 3775 diuersitate
929 3712 1149 3794 potenciarum
1171 3725 1201 3775 et
1220 3712 1339 3775 virium
1360 3731 1423 3794 que
1445 3724 1522 3774 sunt
1544 3712 1575 3773 in
1599 3712 1721 3774 anima.
1743 3710 1778 3774 Si
1798 3711 1886 3773 enim
1907 3711 2019 3773 anima

685 3818 755 3881 sine
777 3819 933 3900 potenciis
954 3819 1134 3882 secundum
1158 3839 1190 3882 se
1214 3821 1315 3902 ipsam
1339 3819 1508 3893 diceretur,
1529 3832 1560 3882 et
1577 3818 1666 3902 quod
1686 3839 1705 3881 a
1723 3817 1909 3880 diuersitate
1930 3837 2019 3899 orga-

685 3943 802 3988 norum
823 3928 967 4009 corporis
982 3941 1064 3991 esset
1078 3927 1248 3990 diuersitas
1268 3928 1503 4009 potenciarum,
1521 3939 1705 4007 sequeretur
1719 3925 1807 4008 quod
1824 3926 1891 4007 ipsa
1905 3944 2019 3989 secun·

683 4033 764 4095 dum
788 4052 821 4096 se
843 4047 950 4116 posset
970 4034 1117 4117 quolibet
1138 4035 1184 4098 uti
1206 4054 1342 4117 organo,
1361 4054 1436 4097 cum
1460 4033 1641 4097 secundum
1665 4053 1698 4096 se
1719 4033 1823 4115 ipsam
1847 4051 1913 4094 non
1936 4044 2019 4095 esset

621 4158 654 4201 so
684 4142 787 4222 magis
808 4140 1020 4205 determinata
1041 4142 1081 4204 ad
1101 4162 1204 4205 vnum
1225 4162 1324 4225 quarn
1345 4142 1385 4205 ad
1405 4141 1506 4205 aliud.
1531 4141 1570 4204 Et
1591 4142 1636 4204 sic
1655 4154 1841 4224 sequeretur
1861 4141 2017 4203 tectonica

682 4248 840 4330 tybicines
859 4248 965 4325 indui,
981 4263 1055 4326 etc,
1072 4251 1341 4313 inconueniencia
1356 4269 1419 4332 que
1433 4263 1544 4313 contra
1566 4250 1741 4332 pitagoram
1757 4246 1923 4311 concludit
1940 4248 2017 4310 aris-

681 4355 804 4419 toteles.
827 4356 896 4420 Hac
914 4357 970 4419 tali
992 4359 1155 4440 posicione
1175 4356 1257 4420 facta
1277 4359 1422 4440 sequitur
1436 4356 1524 4441 quod
1539 4357 1621 4419 sicut
1635 4376 1668 4419 se
1684 4356 1780 4419 habet
1800 4355 2016 4438 intelligencie

681 4462 797 4526 decimi
823 4464 910 4527 orbis
935 4464 974 4527 ad
999 4465 1233 4548 intelligeneias
1258 4465 1389 4528 orbium
1416 4466 1634 4548 superiorum,
1659 4465 1702 4527 ita
1724 4484 1759 4527 se
1783 4463 1879 4526 habet
1905 4463 2015 4525 anima

682 4570 908 4635 intellectualis
927 4592 990 4654 que
1009 4586 1057 4635 est
1076 4573 1110 4636 in
1131 4573 1266 4636 homine
1286 4572 1325 4636 ad
1347 4572 1528 4636 intellectus
1547 4574 1750 4654 superiorum
1771 4571 1914 4635 orbium.
1939 4570 2015 4634 ldeo

620 4695 651 4739 ss
680 4680 757 4762 quia
781 4680 863 4743 sicut
888 4681 1104 4765 intelligencia
1128 4681 1244 4745 decimi
1267 4682 1354 4745 orbis
1379 4701 1522 4764 possesse
1546 4694 1577 4745 et
1599 4681 1713 4763 adepte
1736 4693 1813 4743 sunt
1836 4678 2015 4742 formaliter

681 4786 895 4869 intelligencie
915 4790 1119 4872 superiorum
1139 4789 1284 4872 eoquod
1305 4788 1486 4852 informant
1505 4789 1608 4871 ipsam
1625 4789 1665 4851 ad
1680 4787 1901 4871 operationem
1922 4786 2014 4850 intel-

680 4893 834 4975 ligencie3
852 4896 895 4958 ita
911 4896 943 4958 in
959 4898 1070 4959 anima
1086 4910 1163 4963 sunt
1182 4896 1310 4960 lumina
1330 4896 1620 4980 intelligenciarum
1637 4896 1752 4979 adepta
1766 4908 1797 4959 et
1813 4914 1957 4978 possessa
1971 4893 2013 4956 ab

760 5117 769 5150 ¹
789 5117 876 5187 Lisex
891 5133 899 5175 :
914 5118 1036 5175 Michael
1052 5119 1228 5192 Ephesinus.
