4880 6546
660 893 742 936 ctxx

660 1061 721 1130 foi.
750 1062 842 1129 C'est
866 1082 1006 1150 penset,
1029 1084 1070 1129 en
1094 1060 1185 1142 effet,
1209 1082 1278 1148 que
1302 1061 1334 1127 la
1362 1061 1409 1128 foi
1431 1061 1596 1149 enseigne
1618 1062 1678 1129 des
1699 1059 1825 1129 veritas
1848 1062 1937 1128 dont
1963 1062 1993 1128 le

658 1178 834 1246 contraire
851 1191 934 1265 peut
950 1179 1021 1245 etre
1040 1177 1334 1245 necessairement
1351 1177 1467 1244 etabli.
1487 1178 1638 1244 Comme
1659 1177 1682 1243 il
1705 1177 1763 1265 n’y
1779 1198 1799 1243 a
1816 1179 1858 1244 de
1877 1178 1993 1244 neces·

660 1294 749 1361 saire
773 1315 842 1382 que
866 1295 896 1361 le
920 1294 994 1361 vrai
1019 1295 1106 1360 dont
1130 1293 1285 1381 l'oppose
1309 1308 1360 1359 est
1384 1293 1415 1361 l'e
1439 1291 1521 1360 faux
1545 1307 1578 1359 et
1602 1293 1845 1380 l'impossible,
1870 1293 1894 1359 il
1919 1294 1990 1359 s'en

659 1411 820 1490 suivrait,
849 1410 987 1497 d'apres
1015 1430 1085 1475 une
1113 1408 1305 1476 semblable
1334 1409 1496 1497 opinion,
1526 1430 1595 1495 que
1624 1409 1656 1475 la
1687 1408 1734 1476 foi
1766 1410 1931 1496 enseigne
1962 1408 1992 1475 le

659 1525 742 1593 saux
775 1540 807 1592 et
839 1525 1071 1613 l'impossible
1104 1530 1126 1590 1.
1161 1550 1181 1589 »
1213 1526 1312 1592 Nous
1344 1546 1456 1592 avons
1489 1525 1584 1591 aussi
1620 1525 1777 1591 entendu
1814 1524 1844 1591 le
1876 1525 1992 1591 meme

657 1643 820 1709 Thomas
846 1642 1016 1728 d'Aquin,
1043 1643 1133 1708 dans
1160 1663 1208 1707 un
1238 1662 1380 1708 sermon
1411 1641 1656 1707 universitaire
1680 1642 1723 1707 de
1753 1662 1848 1727 1270,
1876 1641 1993 1707 visent

659 1759 951 1846 l'enseignement
970 1760 1011 1824 de
1032 1758 1131 1845 Siger
1148 1773 1181 1824 et
1197 1758 1258 1824 des
1277 1772 1395 1824 autres
1415 1764 1622 1824 averrolstes
1642 1757 1828 1845 parisiens,
1846 1758 1992 1824 emettre

660 1875 707 1941 les
729 1876 865 1941 memes
882 1875 1125 1942 observations
1143 1880 1166 1938 ².
1188 1874 1309 1955 Enfin,
1333 1874 1365 1941 la
1386 1875 1666 1942 condamnation
1684 1875 1731 1940 du
1750 1897 1769 1960 7
1793 1895 1888 1941 mars
1910 1895 1992 1960 1277

659 1991 805 2079 indique
821 2004 908 2057 cette
925 1990 1079 2078 position
1098 1990 1259 2078 generale
1279 1991 1372 2078 prise
1388 2011 1452 2078 par
1472 1991 1520 2057 les
1539 1999 1747 2058 averro'lstes
1764 2011 1855 2078 pour
1871 2012 1992 2057 sauve—

658 2109 796 2194 garder,
826 2129 869 2174 en
898 2128 1107 2195 apparente,
1137 2106 1186 2174 les
1214 2108 1326 2174 droits
1353 2108 1396 2174 de
1424 2107 1456 2173 la
1484 2106 1591 2174 verite
1619 2106 1824 2174 chretienne
1849 2127 1991 2174 comme

748 2376 755 2406 ¹
777 2376 859 2431 Nous
879 2375 1018 2430 donnons
1039 2375 1073 2429 ici
1095 2376 1120 2430 le
1140 2387 1216 2431 texte
1235 2376 1326 2430 entier
1345 2375 1385 2431 du
1404 2375 1448 2429 De
1466 2374 1582 2430 nnitete
1600 2376 1781 2440 Intellectus,
1803 2375 1876 2429 dans
1897 2376 1991 2446 lequel

657 2464 790 2519 Thomas
808 2464 936 2534 d’Aquin
958 2476 1076 2535 attaque
1097 2464 1177 2534 Siger
1197 2464 1233 2520 de
1255 2465 1380 2521 brabant
1398 2480 1448 2520 sur
1466 2481 1497 2520 sa
1515 2465 1642 2537 position
1662 2465 1737 2537 prise
1755 2466 1771 2518 a
1789 2464 1893 2535 l’egard
1911 2463 1947 2519 de
1965 2466 1990 2518 la

657 2553 707 2607 soi.
737 2554 820 2609 Nous
847 2554 1009 2625 indiquons
1036 2554 1074 2608 les
1101 2569 1235 2626 passages
1261 2555 1506 2626 correspondents
1533 2553 1573 2609 du
1602 2554 1645 2608 De
1669 2554 1780 2609 Anima
1809 2553 1990 2608 intellectiva

656 2643 731 2697 vises
748 2658 799 2714 par
813 2643 946 2698 Thomas
962 2642 1101 2714 d’Aquin.
1119 2643 1169 2699 Est
1184 2644 1269 2698 etiam
1288 2643 1389 2712 maiori
1410 2643 1612 2709 admiratione,
1629 2644 1671 2698 vel
1687 2643 1773 2698 etiam
1790 2642 1991 2713 indignatione

656 2731 792 2802 dignum,
816 2731 897 2802 quod
921 2732 1028 2803 aliquis
1051 2733 1251 2788 Christianum
1276 2750 1306 2788 se
1329 2732 1468 2804 profitens
1490 2747 1549 2789 tam
1572 2733 1756 2788 irreverenter
1776 2731 1812 2787 de
1833 2731 1990 2787 christiana

656 2820 713 2875 lide
732 2821 813 2892 loqui
828 2822 1066 2894 praesumpserit,
1086 2822 1162 2878 sicut
1179 2838 1248 2877 eum
1263 2822 1334 2878 dicit
1351 2822 1432 2893 quod
1449 2823 1542 2878 Latini
1563 2839 1615 2894 pro
1634 2822 1783 2894 principiis
1799 2837 1900 2876 eorum
1921 2821 1990 2875 haec

656 2927 715 2966 non
738 2911 891 2983 recipiunt,
914 2912 1023 2967 scilicet
1042 2911 1123 2983 quod
1145 2912 1182 2967 sit
1203 2928 1281 2967 unus
1304 2912 1467 2967 intellectus
1489 2923 1616 2978 tantum,
1638 2911 1707 2982 quia
1730 2911 1803 2966 sorte
1823 2912 1867 2965 lex
1887 2925 1988 2965 eorum

655 3011 699 3055 est
713 3000 742 3055 in
756 3000 937 3056 contrarium
952 3000 1160 3072 (Appendices,
1177 3018 1204 3073 p.
1220 3001 1323 3073 9497).
1341 3001 1396 3055 Ubi
1411 3002 1472 3056 duo
1487 3012 1557 3057 sunt
1571 3002 1646 3056 mala
1661 3016 1667 3056 :
1684 3001 1778 3072 primo
1792 2999 1861 3071 quia
1875 2998 1990 3054 dubitat

656 3105 692 3143 an
713 3090 768 3144 hoc
789 3089 825 3146 sit
845 3103 946 3145 contra
965 3090 1052 3145 fidem
1064 3106 1072 3155 ;
1092 3090 1223 3146 secundo
1242 3089 1311 3162 quia
1329 3090 1455 3146 alienum
1476 3107 1506 3146 se
1524 3090 1621 3146 innuit
1639 3091 1676 3145 ab
1694 3090 1747 3144 hac
1767 3090 1834 3160 lege.
1856 3087 1890 3143 Et
1908 3087 1988 3159 quod

657 3178 849 3250 postmodum
875 3179 946 3235 dicit
970 3195 976 3234 z
1004 3180 1080 3234 Httec
1104 3192 1147 3235 est
1172 3181 1244 3235 ratio
1270 3196 1319 3252 per
1344 3196 1433 3251 quam
1457 3180 1599 3235 Catholici
1623 3179 1759 3235 videntur
1784 3179 1888 3233 habere
1915 3179 1990 3232 hanc

656 3268 843 3339 positionem,
861 3268 911 3323 ubi
928 3269 1101 3324 sententiam
1119 3268 1184 3323 lidei
1201 3269 1376 3341 positionem
1394 3270 1527 3324 nominat
1548 3268 1755 3340 (Appendices,
1773 3285 1800 3340 p.
1822 3284 1879 3333 112,
1897 3268 1914 3321 l.
1936 3266 1987 3337 tr).

657 3358 716 3411 Nec
738 3357 859 3413 minoris
879 3358 1125 3430 praesumptionis
1146 3370 1188 3414 est
1208 3358 1288 3429 quod
1310 3358 1501 3430 postmodum
1520 3374 1645 3413 asserere
1665 3358 1763 3423 audet,
1783 3357 1876 3412 Deum
1899 3356 1989 3411 lacere

656 3462 716 3501 non
731 3463 816 3519 posse
830 3447 910 3518 quod
926 3448 985 3503 sint
999 3447 1084 3502 multi
1098 3448 1262 3503 intellectus
1276 3448 1345 3519 quia
1360 3449 1489 3519 implicat
1502 3447 1764 3503 contradictionem
1781 3445 1987 3518 (Appendices,

657 3552 683 3607 p.
706 3538 764 3602 108,
786 3538 803 3591 l.
826 3538 858 3592 32
873 3569 906 3576 -
922 3554 949 3608 p.
975 3553 1032 3609 ¹⁰9›
1055 3538 1072 3591 l.
1094 3538 1130 3608 8).
1149 3537 1254 3593 Adhuc
1273 3549 1371 3593 autem
1392 3538 1506 3609 gravius
1526 3549 1569 3593 est
1588 3536 1670 3609 quod
1687 3535 1878 3609 postmodum
1898 3535 1987 3591 dicit:

657 3641 706 3698 per
734 3626 875 3682 rationem
903 3626 1050 3682 concludo
1082 3626 1117 3681 de
1149 3627 1332 3693 necessitate,
1361 3627 1441 3698 quod
1475 3628 1637 3683 intellectus
1669 3638 1712 3682 est
1739 3642 1817 3681 unus
1845 3641 1987 3689 numero;

655 3715 777 3770 firmiter
797 3727 893 3771 tamen
915 3729 998 3771 teneo
1017 3716 1188 3788 oppositum
1212 3716 1367 3788 perfidem
1390 3717 1597 3789 (Appendices,
1620 3720 1732 3789 p.‘112,
1752 3716 1770 3771 l.
1790 3714 1893 3787 25-29).
1913 3715 1988 3785 Ergo

654 3803 743 3860 sentit
768 3805 848 3875 quod
875 3805 947 3860 fides
973 3805 1009 3860 sit
1035 3805 1071 3860 de
1095 3806 1244 3876 aliquibus
1270 3822 1398 3878 quorum
1425 3807 1569 3861 contraria
1594 3806 1629 3860 de
1655 3805 1824 3860 necessitate
1850 3803 1987 3859 concludi

657 3906 791 3965 possunt.
807 3894 882 3949 Cum
901 3907 999 3950 autem
1014 3894 1050 3949 de
1065 3894 1232 3950 necessitate
1249 3895 1386 3950 concludi
1406 3912 1465 3951 non
1481 3896 1573 3967 possit
1591 3895 1646 3950 nisi
1661 3911 1761 3951 verum
1781 3893 1986 3958 necessarium,

655 3982 741 4053 cujus
767 3983 937 4056 oppositum
964 3995 1007 4039 est
1032 3983 1138 4038 falsum
1164 3995 1191 4039 et
1217 3984 1407 4056 impossibile,
1434 3985 1567 4056 sequitur
1591 3983 1753 4040 secundum
1776 3983 1839 4053 ejus
1862 3983 1986 4049 dictum,

655 4073 736 4143 quod
755 4072 827 4127 fides
845 4074 882 4129 sit
900 4073 935 4128 de
953 4073 1026 4128 salso
1045 4086 1072 4129 et
1090 4073 1275 4146 impossibili,
1292 4073 1374 4146 quod
1393 4074 1479 4129 etiam
1496 4075 1574 4130 Deus
1594 4074 1684 4129 lacere
1702 4090 1761 4128 non
1780 4084 1884 4145 potest.
1900 4072 1987 4142 Quod

655 4162 785 4218 fidelium
802 4179 885 4218 aures
903 4162 973 4217 lerre
989 4179 1048 4217 non
1069 4176 1204 4235 possunt.
1221 4164 1287 4219 Non
1306 4175 1383 4219 caret
1397 4163 1483 4219 etiam
1501 4180 1606 4234 magna
1621 4163 1780 4219 temeritate
1795 4162 1876 4234 quod
1892 4162 1927 4216 de
1943 4160 1987 4217 his

655 4268 730 4323 quae
749 4251 785 4306 ad
807 4251 1024 4324 philosophiam
1041 4269 1100 4307 non
1120 4253 1274 4325 pertinent,
1296 4253 1344 4307 sed
1366 4265 1436 4309 sunt
1452 4269 1540 4325 purae
1559 4253 1635 4319 fidei,
1652 4253 1801 4325 disputare
1817 4251 1985 4325 praesumit,

655 4342 731 4397 sicut
744 4341 825 4413 quod
844 4342 942 4396 anima
963 4358 1022 4396 non
1045 4342 1171 4414 patiatur
1188 4344 1224 4397 ab
1243 4343 1308 4413 igne
1326 4343 1430 4397 inferni
1450 4343 1656 4415 (Appendices,
1678 4342 1789 4416 proti,
1805 4344 1822 4398 l.
1842 4340 1940 4413 12-27),
1960 4353 1988 4397 et

654 4431 748 4486 dicere
768 4432 925 4486 sententias
945 4432 1106 4487 Doctorum
1128 4431 1163 4486 de
1184 4433 1240 4486 hoc
1259 4448 1321 4487 esse
1341 4432 1538 4504 reprobandas
1557 4432 1764 4504 (Appendices,
1785 4448 1813 4504 p.
1836 4431 1893 4497 tob,
1916 4431 1933 4484 l.
1953 4431 1986 4485 28

655 4553 687 4559 κ
704 4536 731 4592 ρ.
756 4537 813 4591 ιο7,
834 4523 851 4574 l.
873 4520 909 4591 5).
926 4521 988 4575 Pari
1007 4537 1074 4592 ergo
1093 4522 1202 4576 ratione
1221 4534 1318 4592 posset
1335 4521 1484 4593 disputare
1502 4522 1538 4577 de
1550 4521 1703 4589 Trinitate,
1719 4522 1755 4577 de
1776 4521 1984 4587 lncarnatione,

654 4621 682 4665 et
704 4609 766 4663 aliis
790 4608 973 4679 hujusmodi,
995 4609 1031 4665 de
1051 4611 1161 4682 quibus
1180 4611 1298 4666 nonnisi
1319 4612 1482 4666 balbutiens
1504 4612 1680 4682 loqueretur.
1696 4612 1739 4665 De
1760 4611 1876 4666 unitate
1898 4610 1987 4665 Intel-

655 4699 757 4763 lectus,
778 4714 841 4770 cap.
861 4716 909 4765 vu,
931 4698 966 4752 ad
988 4698 1087 4765 tinem,
1109 4700 1215 4771 Opere,
1238 4711 1259 4755 t.
1279 4700 1370 4754 XXVl
1379 4701 1398 4765 l,
1419 4717 1446 4772 p.
1468 4701 1528 4756 331.
1548 4700 1632 4757 Saint
1649 4701 1781 4756 Thomas
1802 4716 1837 4754 ne
1858 4699 1913 4754 cite
1935 4715 1985 4771 pas

654 4788 694 4842 les
711 4789 821 4858 paroles
838 4791 947 4843 memes
962 4787 997 4842 de
1012 4787 1101 4858 Siger,
1118 4788 1190 4843 mais
1209 4805 1253 4843 ses
1267 4789 1409 4845 allusions
1424 4806 1480 4845 aux
1500 4806 1634 4861 passages
1650 4790 1786 4861 indiques
1800 4800 1868 4844 sont
1881 4787 1986 4842 d'ordi-

655 4877 731 4932 naire
753 4878 930 4932 manifestes.
949 4878 986 4931 Le
1002 4878 1192 4949 parallelisme
1206 4890 1286 4933 entre
1301 4881 1340 4934 les
1355 4879 1431 4935 deux
1447 4880 1532 4935 ecrits
1546 4879 1620 4935 dans
1637 4882 1662 4934 la
1677 4879 1796 4935 citation
1816 4877 1986 4951 precedente

653 4966 794 5022 conlirme
816 4983 848 5022 ce
870 4983 928 5038 que
951 4983 1027 5022 nous
1049 4983 1140 5022 avons
1161 4967 1204 5023 dit
1227 4969 1293 5039 plus
1317 4970 1397 5033 haut,
1422 4985 1479 5040 que
1502 4970 1526 5024 le
1549 4969 1631 5025 traite
1651 4969 1686 5023 de
1705 4969 1838 5023 Thomas
1861 4978 1904 5022 est
1929 4983 1986 5022 une

655 5056 810 5112 refutation
829 5056 865 5110 de
883 5057 964 5126 Siger
979 5056 1018 5128 (p.
1035 5056 1150 5127 cxxvn).
1169 5057 1252 5112 Nous
1270 5074 1305 5113 en
1324 5069 1496 5114 trouverons
1512 5058 1624 5115 bientbt
1637 5058 1672 5113 de
1686 5060 1834 5114 nouvelles
1853 5072 1983 5131 preuves

743 5146 753 5176 ⁹
773 5146 844 5219 Voy.
863 5147 929 5217 plus
944 5148 1025 5211 haut,
1044 5161 1071 5217 p.
1088 5163 1182 5213 cxxvi,
1200 5158 1267 5201 note
1285 5163 1306 5201 1.
