4872 6552
969 885 1174 968 ..59-

402 1089 484 1141 esset
498 1096 602 1140 vnum
624 1077 657 1138 in
677 1087 750 1139 actu
770 1074 899 1138 ultimo.
921 1072 984 1137 Sed
1004 1091 1064 1136 nec
1084 1085 1165 1135 esset
1178 1090 1283 1134 vnum
1305 1070 1338 1132 in
1358 1082 1431 1133 actu
1453 1069 1570 1133 ultimo
1590 1067 1740 1133 substan-

403 1184 487 1260 tiali,
516 1204 591 1247 cum
622 1182 727 1246 forma
756 1181 880 1245 habens
908 1179 1049 1244 formam
1078 1200 1097 1242 a
1124 1199 1190 1262 qua
1216 1177 1383 1241 actualiter
1409 1176 1641 1260 distinguatur,
1671 1197 1737 1239 non

403 1293 549 1374 respiciat
570 1292 744 1354 ut1aetus
765 1287 988 1352 substantialis
1010 1287 1203 1370 potentiam,
1227 1298 1262 1348 ut
1283 1297 1313 1348 et
1335 1285 1515 1368 predictum
1538 1296 1597 1347 est.

484 1400 638 1472 preterea,
662 1397 767 1460 forma
790 1409 894 1479 potest
915 1397 1054 1479 recipere
1076 1395 1245 1457 materiam
1265 1413 1329 1476 que
1350 1391 1531 1455 secundum
1552 1411 1586 1454 se
1605 1404 1652 1454 est
1671 1409 1738 1452 non

401 1526 472 1583 ens,
498 1526 557 1569 nec
580 1505 704 1569 habens
729 1504 884 1579 formam,
910 1504 992 1567 sicut
1017 1514 1107 1565 actus
1132 1502 1202 1564 eius
1228 1498 1461 1564 substantialis.
1492 1498 1610 1562 Forma
1637 1510 1740 1581 potest
1770 1521 1783 1565 5

402 1614 556 1697 respicere
584 1612 709 1675 habens
736 1611 877 1675 formam
907 1612 991 1673 sicut
1018 1609 1125 1673 forma
1153 1610 1222 1671 eius
1250 1606 1467 1671 accidentalis.
1497 1606 1616 1670 Forma
1642 1605 1738 1668 etiam

404 1736 506 1805 potest
538 1722 693 1803 respicere
726 1718 850 1781 habens
883 1717 1023 1781 formam
1053 1730 1090 1780 ut
1119 1728 1227 1779 motor
1255 1715 1450 1777 intrinsecus
1484 1713 1590 1785 iltius,
1619 1732 1674 1775 seu
1705 1726 1741 1775 ut

402 1848 540 1911 operans
562 1828 773 1891 intrinsecum
794 1825 835 1888 ad
855 1824 949 1888 illud.
973 1823 1036 1887 Sed
1057 1823 1163 1888 forma
1186 1822 1309 1885 habens
1331 1820 1471 1884 formam
1495 1821 1649 1902 respicere
1672 1838 1739 1882 non

404 1948 505 2018 potest
532 1949 690 2017 tanquam
718 1933 801 1996 dans
826 1934 855 1996 ei
881 1951 949 1995 esse
977 1929 1205 2005 substantiale,
1232 1943 1268 1992 ut
1295 1929 1512 1992 consideranti
1543 1940 1674 2010 apparet
1702 1946 1741 1989 ex

402 2042 564 2125 predictis.
590 2040 661 2105 Hoc
680 2054 791 2104 tamen
815 2040 908 2123 ponit
928 2039 1041 2121 opinio
1065 2057 1190 2120 ponens
1213 2035 1353 2099 formam
1376 2055 1445 2098 esse
1465 2035 1681 2117 compositam
1701 2054 1740 2097 ex
1772 2069 1802 2100 10

404 2149 552 2232 pluribus
569 2148 724 2231 partibus.
746 2147 843 2228 Quod
860 2148 886 2209 si
902 2146 1027 2209 dicatur
1041 2144 1129 2228 quod
1146 2144 1251 2207 forma
1267 2143 1392 2206 habens
1407 2141 1547 2206 formam
1566 2140 1738 2223 perfectam

402 2255 656 2320 substantialiter
680 2274 747 2318 non
773 2254 927 2337 perficiat,
952 2252 1057 2317 forma
1085 2266 1195 2315 tamen
1223 2250 1478 2314 substantialiter
1507 2249 1589 2312 bene
1618 2247 1741 2331 perficit

403 2365 526 2428 habens
550 2363 688 2426 formam
715 2360 950 2445 imperfectam.

481 2471 603 2535 Contra
630 2470 692 2533 hoc
717 2469 843 2533 dicatur
865 2468 954 2551 quod
980 2468 1122 2531 duorum
1147 2487 1210 2550 que
1236 2480 1314 2530 sunt
1339 2466 1445 2548 specie
1467 2465 1609 2540 diuersa,
1633 2483 1737 2531 vnum

402 2598 528 2662 semper
544 2578 769 2661 imperfectum
790 2590 848 2651 est,
864 2589 895 2640 et
914 2576 1003 2639 aliud
1025 2574 1207 2659 perfectius,
1225 2593 1283 2637 nec
1302 2588 1411 2637 tamen
1432 2572 1561 2634 diuersa
1581 2572 1614 2632 in
1636 2571 1741 2652 specie
1772 2592 1800 2636 ιε

402 2705 469 2749 sese
485 2687 627 2748 inuicem
644 2684 827 2766 perficiunt,
843 2684 926 2746 sicut
940 2685 1061 2766 species
1077 2681 1290 2765 perfectorum
1308 2679 1591 2762 imperfectiorem.

482 2793 545 2857 Sed
567 2794 681 2856 iterum
698 2792 822 2855 dicetur
836 2790 924 2873 quod
945 2789 1051 2853 forma
1071 2787 1256 2871 imperfecta
1271 2787 1392 2870 duplex
1411 2800 1458 2850 est
1475 2806 1482 2848 :
1499 2786 1641 2868 quedam
1657 2785 1740 2847 dans

402 2902 541 2982 speciem
562 2913 593 2964 et
613 2919 679 2962 non
705 2898 812 2962 solum
832 2917 950 2981 genus,
968 2909 998 2959 et
1018 2898 1078 2959 ista
1098 2916 1165 2958 non
1187 2895 1352 2978 perficitur
1370 2915 1389 2958 a
1408 2893 1515 2957 forma
1537 2892 1717 2977 perfectiori
1729 2913 1738 2969 ;

401 3020 432 3070 et
445 3019 492 3070 est
506 3006 647 3088 quedam
665 3006 769 3069 forma
785 3004 970 3088 imperfecta
985 3004 1067 3067 dans
1080 3023 1184 3086 genus
1199 3004 1307 3065 solum
1323 3014 1354 3065 et
1369 3021 1436 3065 non
1453 3002 1605 3084 speciem,
1622 3013 1653 3063 et
1666 3000 1740 3064 talis
1818 3066 1828 3087 ἢ

402 3114 483 3177 bene
499 3127 602 3195 potest
617 3112 734 3176 habere
750 3113 888 3176 formam
907 3111 1161 3174 substantialiter
1176 3109 1407 3193 perficientem.
1770 3140 1801 3171 ω

481 3221 544 3285 Sed
566 3223 711 3303 arguitur
731 3220 819 3303 quod
841 3221 868 3282 si
891 3219 995 3283 forma
1019 3220 1132 3302 speciei
1158 3231 1240 3281 esset
1261 3218 1402 3300 predicto
1425 3218 1524 3281 modo
1546 3217 1739 3299 composita,

400 3329 489 3413 quod
522 3328 628 3392 forma
660 3329 785 3411 generis
815 3347 883 3390 non
916 3340 1045 3390 tantum
1075 3326 1164 3389 daret
1191 3346 1293 3409 genus
1322 3325 1376 3388 sed
1406 3327 1564 3408 speciem,
1594 3336 1625 3387 et
1652 3323 1740 3406 quod

402 3437 552 3521 perfectio
576 3438 645 3499 eius
669 3456 687 3498 a
714 3434 819 3498 forma
843 3435 947 3498 dicere
971 3447 1053 3497 esset
1076 3434 1227 3515 perfectio
1249 3434 1346 3495 vnius
1370 3434 1404 3495 in
1429 3433 1533 3515 specie
1554 3431 1740 3495 diuersi-ab

401 3546 476 3608 alio.
504 3544 542 3606 Et
567 3543 629 3606 hoc
655 3543 801 3625 arguitur
824 3543 869 3604 sic
895 3562 902 3604 ε
929 3541 1010 3603 illud
1034 3540 1122 3624 quod
1147 3546 1160 3584 ²
1182 3541 1510 3609 determinatumjest
1536 3559 1602 3602 non
1631 3540 1739 3602 solum

402 3653 541 3726 ratione,
572 3650 626 3713 sed
656 3651 691 3711 in
720 3649 873 3725 essendo,
902 3648 944 3711 ab
974 3664 1109 3730 utraque
1136 3647 1394 3710 differentiarum
1423 3648 1556 3730 speciei,
1585 3660 1633 3710 est
1660 3646 1739 3729 quid
1770 3662 1801 3706 25

401 3758 591 3821 distinctum
620 3758 723 3838 specie
747 3755 788 3819 ab
811 3757 868 3818 eis.
895 3754 957 3819 Sed
985 3755 1166 3817 secundum
1194 3754 1369 3837 predictam
1397 3756 1610 3838 posicionem,
1636 3754 1741 3818 forma

400 3866 526 3948 generis
548 3884 616 3927 non
637 3876 765 3927 tantum
790 3864 913 3926 ratione
932 3862 1084 3925 distincta
1104 3876 1151 3925 est
1172 3862 1213 3925 ab
1235 3876 1371 3945 utraque
1390 3861 1662 3939 differentiarum,
1685 3864 1739 3926 sed

402 3974 435 4034 in
459 3972 616 4047 essend03
641 3990 741 4053 quare
765 3971 869 4052 specie
890 3970 1143 4053 distingueretur
1165 3981 1277 4033 contra
1303 3989 1367 4033 eas.
1395 3970 1490 4034 Vnde
1516 3991 1591 4034 cum
1620 3973 1741 4054 species

402 4081 442 4143 sit
456 4080 535 4162 quid
557 4079 680 4141 ratione
695 4077 885 4140 distinctum
906 4077 947 4139 ab
968 4091 1104 4160 utroque
1124 4077 1386 4154 indiuiduorum,
1402 4080 1428 4140 si
1450 4078 1483 4140 in
1504 4078 1640 4142 essendo
1659 4092 1741 4142 esset

401 4187 480 4270 quid
502 4207 556 4269 per
576 4187 744 4249 materiam
765 4185 954 4248 distinctum
976 4185 1017 4248 ab
1037 4186 1093 4256 eis,
1116 4205 1183 4248 non
1204 4198 1284 4249 esset
1299 4187 1377 4268 quid
1393 4206 1571 4249 commune
1592 4187 1741 4269 pluribus
1770 4199 1802 4243 ³0

402 4295 595 4369 indiuiduiS,
612 4292 667 4356 sed
687 4307 769 4356 esset
788 4293 1000 4356 indiuiduum
1017 4293 1206 4356 distinctum
1227 4307 1339 4356 contra
1358 4294 1422 4356 alia
1442 4294 1625 4357 indiuidua.
1642 4296 1739 4375 Quod

402 4403 428 4463 si
450 4421 554 4484 genus
575 4401 672 4463 etiam
697 4419 763 4463 non
787 4399 894 4463 solum
919 4400 1042 4462 ratione
1063 4399 1253 4463 distinctum
1277 4412 1323 4462 est
1342 4400 1383 4462 ab
1403 4413 1538 4483 utraque
1560 4402 1739 4484 specierum

402 4528 456 4571 seu
481 4507 739 4570 differentiarum
766 4508 894 4589 speciei,
920 4507 974 4569 sed
1000 4508 1033 4568 in
1058 4507 1195 4571 essendo
1220 4526 1275 4589 per
1298 4506 1453 4583 formam,
1478 4508 1668 4571 distinctum
1694 4522 1741 4572 est

401 4636 420 4678 a
447 4614 666 4691 differenciis3
691 4627 771 4677 tunc
799 4628 846 4678 est
874 4615 995 4697 species
1018 4614 1158 4697 quedam
1184 4615 1336 4678 distincta
1364 4627 1475 4678 contra
1503 4635 1567 4678 eas.
1589 4617 1685 4679 Vnde
1713 4618 1738 4679 si

402 4737 542 4806 ponatur
564 4721 706 4785 animale
732 4741 798 4785 non
822 4734 951 4785 tantum
980 4724 1103 4786 ratione
1126 4722 1317 4785 distinctum
1340 4742 1359 4785 a
1380 4723 1547 4806 speciebus
1571 4743 1626 4786 seu
1649 4723 1741 4787 difie-
1770 4736 1801 4780 35

402 4831 531 4906 renciis,
554 4829 608 4893 sed
632 4843 804 4912 poneretur
826 4849 881 4912 per
902 4850 935 4892 se
956 4829 1136 4893 subsistens
1158 4832 1228 4893 sine
1250 4829 1428 4913 speciebus,
1451 4843 1487 4893 ut
1509 4832 1616 4913 posuit
1640 4830 1738 4913 plato,

402 4952 481 5001 tunc
499 4951 580 5001 esset
595 4937 735 5021 quedam
757 4938 877 5020 speeies
896 4938 1048 5001 distincta
1067 4951 1179 5001 contra
1201 4937 1369 5001 hominem
1390 4952 1420 5002 et
1439 4957 1573 5020 equum.
1595 4938 1692 5019 Quod
1713 4939 1740 5000 si

474 5163 482 5197 ¹
504 5163 549 5221 tts
562 5189 598 5207 r
611 5175 648 5217 et.
672 5192 707 5202 -
726 5162 737 5194 ¹
756 5163 801 5218 Ms
815 5161 984 5233 :aliquid
