4892 6540
1257 905 1462 969 -,4,.

692 1077 799 1159 prium
821 1074 966 1138 hominis
985 1074 1090 1158 magis
1109 1074 1258 1158 inequale
1272 1084 1303 1137 et
1318 1072 1542 1137 inordinatum
1562 1091 1743 1157 essequam
1766 1084 1899 1151 nature;
1921 1072 2026 1138 multo

693 1183 804 1245 minus
827 1182 994 1265 proprium
1018 1181 1197 1245 necessitati
1220 1180 1363 1244 subiacet
1383 1199 1482 1262 quam
1505 1192 1632 1243 natura.

773 1289 849 1366 Sed,
870 1302 906 1353 ut
924 1289 1003 1353 dicit
1017 1287 1215 1363 Aristoteles,
1232 1307 1299 1351 non
1320 1286 1440 1351 sufficit
1459 1286 1578 1350 falsum
1598 1287 1778 1363 ostendere,
1799 1287 1861 1350 nisi
1881 1300 1912 1351 et
1929 1306 2027 1352 causa

693 1396 841 1460 falsitatis
869 1395 1068 1459 ostendatur.
1100 1394 1176 1458 ldeo
1205 1407 1421 1468 resumentes,
1450 1394 1591 1457 dicimus
1619 1393 1707 1477 quod
1739 1395 1852 1457 anima
1880 1393 2026 1458 humana

650 1523 662 1567 5
692 1504 872 1568 secundum
895 1503 1108 1586 philosophos
1126 1515 1174 1566 est
1192 1521 1309 1585 ymago
1330 1502 1467 1578 mundi;
1492 1514 1620 1585 propter
1636 1501 1724 1584 quod
1746 1502 1779 1563 in
1799 1521 1836 1565 ea
1856 1514 1944 1584 parte
1962 1522 2027 1585 qua

692 1630 809 1695 ymago
842 1610 1057 1694 intelligentie
1082 1624 1113 1674 et
1137 1629 1233 1672 cause
1262 1610 1365 1692 prime
1391 1622 1450 1685 est,
1478 1607 1680 1691 impossibile
1707 1621 1755 1672 est
1781 1628 1852 1671 eam
1883 1609 2027 1673 motibus

692 1718 858 1782 celestium
888 1717 1063 1780 subiacere.
1094 1716 1131 1779 ln
1158 1736 1195 1780 ea
1221 1730 1328 1780 autem
1360 1729 1447 1799 parte
1472 1736 1537 1800 qua
1566 1717 1600 1778 in
1628 1716 1758 1797 organis
1786 1730 1844 1792 est,
1873 1716 2027 1798 quamuis

692 1823 874 1909 synderesis
903 1837 1074 1887 moueatur
1099 1822 1404 1900 scintillacionibus,
1431 1836 1540 1886 tamen
1570 1823 1791 1887 necessitatem
1820 1835 1851 1885 et
1877 1822 2024 1885 ordinem

694 1952 759 1995 non
784 1932 967 2015 assequitur
988 1931 1206 2014 superiorum,
1228 1944 1259 1993 et
1280 1931 1326 1993 sic
1350 1948 1409 1993 nec
1434 1931 1466 1992 in
1493 1929 1547 1993 illa
1571 1942 1659 2012 parte
1683 1930 1860 1993 necessitati
1885 1929 2027 1993 subiacet

634 2071 664 2103 to
694 2039 744 2103 uel
765 2038 972 2102 subditorum
992 2038 1208 2121 superiorum.
1233 2036 1390 2101 Probatur
1403 2052 1513 2100 autem
1534 2036 1633 2100 hoca
1653 2035 1719 2099 hali
1740 2037 1772 2099 in
1792 2038 2027 2100 commentario

693 2165 790 2229 super
807 2145 1019 2229 centilogium
1042 2144 1197 2228 ptolomei
1219 2145 1274 2228 qui
1296 2145 1374 2208 dicit
1394 2143 1434 2208 de
1456 2163 1527 2227 rege
1548 2144 1641 2207 cuius
1662 2162 1778 2207 omnes
1797 2143 2027 2226 significatores

694 2253 771 2317 mali
785 2267 815 2317 et
828 2253 992 2315 immundi
1006 2265 1110 2328 erant,
1123 2265 1289 2327 ettamen,
1303 2265 1399 2315 natus
1414 2253 1448 2314 in
1464 2251 1520 2315 tali
1535 2250 1796 2326 constellacione‚
1811 2251 2028 2314 mundissime

692 2362 785 2436 vixit,
815 2359 944 2443 fulgens
971 2360 1089 2423 vestitu
1115 2372 1146 2422 et
1170 2358 1285 2442 gloria,
1312 2378 1387 2421 cum
1417 2358 1550 2442 optimis
1577 2359 1862 2422 conuersacionem
1891 2358 2025 2421 ducens.

693 2468 797 2533 Cuius
815 2487 912 2531 causa
931 2485 1007 2530 cum
1022 2486 1041 2529 a
1057 2465 1142 2550 Haly
1156 2478 1354 2549 quereretur,
1371 2464 1537 2549 respondit
1551 2466 1639 2549 quod
1658 2464 1791 2549 quidem
1812 2485 1851 2529 ex
1869 2464 2028 2530 desiderio

634 2594 663 2639 15
694 2575 882 2650 traheretur,
910 2574 965 2638 sed
991 2573 1106 2637 videns
1133 2572 1222 2657 quod
1250 2587 1332 2637 esset
1360 2573 1533 2637 inhonesta
1560 2573 1784 2648 conuersacio,
1811 2586 1848 2636 ut
1872 2572 2028 2636 dominus

693 2695 826 2746 actuum
851 2701 1000 2756 suorum,
1025 2681 1102 2746 talia
1127 2680 1266 2763 fugiens,
1291 2680 1387 2763 elegit
1411 2680 1589 2745 honestatis
1614 2682 1899 2744 conuersacionem
1925 2680 2026 2763 [aral.

692 2789 793 2853 Aliud
813 2787 1001 2872 exemplum
1023 2789 1056 2851 in
1079 2787 1287 2871 philosophia
1308 2787 1440 2871 ponitur
1455 2789 1467 2830 ¹
1485 2787 1525 2850 de
1540 2800 1699 2870 ypocrate.
1721 2787 1865 2871 Ypocras
1883 2788 1973 2850 enim
1994 2788 2028 2849 in

693 2896 852 2961 omnibus
872 2896 974 2978 signis
992 2896 1148 2978 corporis,
1164 2915 1228 2978 que
1247 2894 1354 2958 stellas
1374 2894 1532 2958 secundas
1547 2906 1640 2958 vocat
1660 2893 1854 2977 ptolomeus,
1875 2906 2030 2957 scortator

693 3017 726 3068 et
743 3003 849 3086 turpis
867 3002 1055 3085 apparebat,
1071 3015 1101 3066 et
1121 3016 1231 3066 tamen
1251 3002 1451 3085 optimorum
1468 3014 1534 3065 erat
1549 3001 1731 3065 studiorum
1752 3016 1782 3066 et
1801 3000 2029 3065 honestissime

632 3142 665 3174 20
693 3110 955 3175 conuersacionis
976 3111 1008 3172 in
1030 3122 1172 3185 tantum,
1189 3121 1225 3172 ut
1239 3110 1391 3172 omnium
1412 3108 1587 3172 hominum
1609 3110 1754 3192 optimus
1768 3108 1927 3172 diceretur
1940 3108 2027 3192 quod

695 3219 762 3281 heri
792 3237 859 3281 non
890 3218 994 3300 potuit
1022 3217 1084 3279 nisi
1115 3236 1170 3299 per
1195 3216 1374 3280 honestatis
1402 3216 1608 3281 eleccionem.
1640 3216 1867 3280 Necessitatem
1895 3236 1969 3299 ergo
1995 3217 2028 3279 in

695 3325 902 3389 inferioribus
930 3325 1097 3408 superiora
1126 3344 1192 3387 non
1223 3325 1412 3407 imponunt.
1443 3324 1509 3387 Nec
1538 3344 1685 3407 unquam
1715 3324 1777 3387 hoc
1804 3324 1923 3407 aliquis
1948 3324 2029 3388 dixit

695 3432 1013 3496 mathematicorum.
1038 3431 1072 3495 Si
1094 3432 1183 3496 enim
1207 3432 1268 3496 hoc
1289 3446 1371 3496 esset
1393 3433 1506 3515 periret
1527 3448 1632 3507 casus,
1653 3432 1769 3515 periret
1788 3432 1925 3495 liberum
1946 3432 2030 3495 arbi·

694 3542 808 3617 trium,
822 3540 937 3623 periret
951 3539 1126 3602 consilium
1142 3553 1171 3602 et
1188 3541 1303 3623 periret
1316 3541 1508 3623 contingens
1524 3541 1703 3603 secundum
1720 3559 1854 3602 omnem
1868 3540 2029 3603 ambitum

634 3666 665 3711 2⁵
695 3646 753 3711 she
766 3648 1060 3731 contingibilitatis,
1076 3646 1165 3730 quod
1180 3661 1227 3711 est
1241 3648 1335 3711 valde
1348 3647 1540 3711 absurdum.

1337 4050 1393 4133 lVl

776 4293 872 4375 Quod
889 4306 996 4357 autem
1013 4294 1158 4358 mundus
1171 4295 1211 4357 sit
1223 4308 1365 4370 eternus,
1378 4295 1461 4357 sicut
1473 4295 1589 4377 quinto
1604 4293 1777 4371 inducunt,
1791 4296 1925 4378 antiqua
1937 4295 2032 4359 valde

696 4402 823 4485 questio
837 4415 895 4477 est,
909 4402 1063 4484 quamuis
1078 4422 1117 4465 ex
1132 4402 1328 4485 probacione
1342 4402 1513 4465 aristotelis
1528 4401 1638 4464 haberi
1654 4420 1720 4464 uon
1738 4402 1849 4485 possit.
1867 4402 1929 4466 Sed
1942 4404 2030 4486 quod

697 4529 715 4572 a
741 4508 834 4572 nullo
847 4522 1022 4591 generante
1036 4523 1145 4572 motus
1161 4510 1286 4592 primus
1302 4509 1405 4573 factus
1420 4511 1461 4574 sit
1473 4522 1504 4572 et
1518 4529 1536 4572 a
1552 4509 1645 4573 nullo
1661 4508 1791 4592 physice
1805 4525 2032 4593 corrumpente

635 4634 667 4677 30
697 4617 797 4699 possit
812 4615 970 4692 desinere,
987 4616 1048 4680 hoc
1067 4630 1176 4680 autem
1196 4618 1319 4700 optime
1340 4617 1502 4699 improbat
1516 4616 1646 4700 Moyses
1660 4617 1803 4700 egipcius
1823 4618 1855 4680 in
1877 4617 1961 4681 libro
1974 4618 2031 4701 qui

695 4723 762 4787 dux
786 4737 977 4788 neutrorum
993 4728 1005 4767 ²
1026 4736 1172 4788 vocatur.
1195 4724 1359 4804 Quamuis
1377 4725 1465 4787 enim
1487 4744 1523 4787 ea
1542 4725 1608 4788 sint
1627 4724 1858 4808 ingenerabilia
1877 4738 1908 4788 et
1928 4727 2032 4788 incor-

696 4830 863 4914 ruptibilia
877 4851 940 4915 que
960 4851 999 4895 ex
1018 4844 1084 4895 tota
1103 4852 1161 4895 sua
1181 4833 1314 4895 materia
1333 4834 1522 4908 constant-³,
1542 4845 1652 4895 tamen
1674 4832 1857 4914 innegabile
1876 4844 1924 4897 est
1942 4832 2031 4916 quod

696 4941 807 5002 omnis
828 4938 1006 5004 multitudo
1026 4940 1060 5003 in
1082 4936 1239 5003 omnibus
1262 4940 1406 5003 motibus
1427 4938 1576 5003 ordinata
1594 4938 1636 5002 ad
1655 4959 1772 5016 vnum,
1792 4940 1834 5003 ab
1854 4960 1922 5004 uno
1944 4941 2032 5024 prin-

778 5163 787 5196 ¹
807 5164 852 5227 Ms
865 5190 901 5209 =
915 5164 984 5245 poli.
1004 5196 1038 5204 -
1057 5164 1068 5195 ¹
1088 5165 1133 5227 Ms
1146 5190 1181 5209 =
1196 5176 1377 5225 venetorum.
1394 5196 1428 5207 —
1448 5163 1459 5196 ⁸
1477 5164 1610 5239 Manque
1624 5165 1699 5221 dans
1714 5165 1742 5220 le
1757 5181 1808 5248 rat.
