4892 6540
1264 837 1468 909 a„32ffl

698 1024 843 1094 Sciencia
857 1032 945 1095 enim
962 1051 1026 1096 vna
1041 1034 1151 1096 omnis
1165 1048 1315 1098 causatur
1329 1053 1367 1097 err
1383 1033 1478 1097 rebus
1493 1033 1581 1097 scitis
1590 1053 1598 1110 ;
1616 1032 1688 1097 ideo
1703 1033 1779 1116 quia
1794 1053 1833 1098 ex
1847 1028 2033 1098 racionibus

698 1156 805 1200 rerum
828 1151 858 1201 et
880 1140 1087 1222 passionibus
1108 1142 1211 1204 oritur
1231 1141 1341 1204 omnis
1364 1154 1473 1204 nostra
1495 1141 1632 1203 sciencia
1657 1140 1894 1224 propterquod
1918 1140 2033 1205 melior

698 1245 835 1307 sciencia
860 1245 1005 1308 hominis
1026 1258 1073 1310 est
1094 1246 1306 1310 resolucionis
1330 1248 1480 1323 sciencia,
1502 1267 1601 1330 quam
1626 1247 1812 1311 analiticarn
1836 1248 1926 1331 [217]
1947 1248 2031 1331 greci

696 1365 826 1427 vocant,
847 1352 926 1415 dum
950 1354 1001 1416 uel
1024 1355 1242 1437 compositum
1263 1355 1296 1416 in
1320 1354 1471 1437 simplex,
1493 1354 1544 1417 vel
1566 1366 1736 1418 causatum
1759 1354 1793 1417 in
1815 1373 1961 1431 causam,
1982 1354 2031 1418 vel

655 1477 667 1521 5
696 1459 886 1541 generaliter
906 1462 1064 1543 posterius
1088 1462 1260 1526 resoluitur
1275 1462 1308 1524 in
1330 1463 1431 1546 prius.
1452 1461 1715 1544 Composicionis
1733 1462 1823 1525 enim
1844 1463 1982 1526 sciencia
1998 1462 2030 1524 in

697 1566 833 1630 homine
847 1581 997 1632 causatur
1011 1588 1029 1632 a
1044 1569 1231 1647 resolutiua,
1245 1571 1322 1653 quia
1341 1589 1537 1653 componere
1557 1570 1669 1645 nescit,
1686 1570 1747 1632 nisi
1763 1571 1819 1652 qui
1837 1570 1931 1634 nouit
1944 1589 2033 1633 com·

698 1675 867 1757 ponencia,
884 1689 914 1738 et
934 1689 1063 1759 propter
1077 1678 1222 1739 raciones
1240 1678 1516 1760 componencium
1536 1675 1722 1741 adinuicem
1738 1689 1769 1741 et
1783 1676 1823 1740 ad
1838 1678 2030 1760 composita.

695 1781 792 1844 Vnde
807 1801 935 1845 necesse
954 1795 1001 1847 est
1021 1783 1232 1847 resolucionis
1252 1783 1424 1847 scienciam
1444 1802 1513 1847 esse
1532 1784 1687 1867 primam,
1702 1782 1879 1847 secundam
1896 1785 2029 1848 1autent

696 1907 767 1950 eam
783 1908 846 1972 que
860 1903 908 1953 est
922 1892 1184 1973 composicionis.
1206 1890 1327 1953 Omnis
1341 1904 1448 1954 autem
1466 1889 1624 1955 resolucio
1640 1890 1803 1974 perficitur
1816 1891 2029 1955 abstracione.

638 2026 666 2058 ιο
697 1995 853 2059 Hominis
875 1998 972 2081 igitur
991 1999 1128 2061 sciencia
1147 2012 1194 2062 est
1216 2018 1271 2081 per
1289 1998 1538 2062 abstracionem.
1559 1999 1730 2063 Abstracio
1750 2011 1859 2062 autem
1881 2011 2033 2062 causatur

696 2122 755 2167 nec
774 2104 866 2168 aliter
884 2104 951 2168 fieri
973 2119 1087 2189 potest.
1109 2105 1254 2170 Sciencia
1274 2125 1349 2189 ergo
1368 2106 1514 2170 hominis
1533 2120 1580 2170 est
1595 2126 1613 2169 a
1628 2106 1735 2170 rebus.
1757 2106 1903 2170 Sciencia
1922 2118 2030 2170 autem

695 2210 746 2274 dei
768 2231 834 2275 non
850 2232 869 2274 a
884 2211 979 2275 rebus
999 2211 1046 2287 fit,
1068 2213 1123 2277 sed
1142 2227 1189 2277 est
1208 2233 1314 2277 rerum
1335 2234 1443 2277 causa.
1465 2213 1601 2277 Constat
1619 2214 1708 2277 enirn
1730 2233 1865 2278 omnem
1889 2212 2029 2277 formam

695 2339 763 2383 esse
783 2320 895 2383 lumen
917 2320 1144 2404 intelligencie,
1164 2323 1241 2406 quia
1260 2341 1336 2384 curn
1359 2323 1470 2386 omnis
1493 2322 1597 2385 forma
1616 2320 1710 2385 detur
1727 2321 1769 2385 ab
1791 2321 1954 2385 intellectu
1973 2320 2030 2404 qui

696 2427 876 2491 secundum
898 2429 1119 2493 substanciam
1141 2443 1171 2493 et
1190 2431 1367 2494 essenciam
1388 2429 1570 2493 intellectus
1588 2442 1648 2505 est,
1667 2443 1698 2493 et
1718 2448 1786 2492 non
1806 2428 1847 2492 ab
1867 2428 2030 2492 intellectu

636 2550 665 2594 ιε
695 2536 750 2618 qui
772 2534 919 2618 adeptus,
939 2536 989 2600 vel
1009 2538 1199 2619 acquisitus,
1220 2537 1269 2602 vel
1294 2557 1460 2621 possessus
1480 2551 1613 2601 vocatur
1631 2557 1650 2599 a
1670 2536 1887 2620 philosophis,
1906 2548 2032 2619 oportet

695 2642 783 2725 quod
812 2644 922 2706 omnis
951 2643 1056 2707 forma
1085 2656 1234 2707 causetur
1259 2644 1300 2707 ab
1329 2643 1492 2708 intellectu
1522 2643 1747 2707 uniuersaliter
1774 2656 1887 2726 agente
1915 2660 2031 2706 omnes

696 2749 871 2812 hominum
893 2749 1149 2833 intelligibilium
1173 2750 1307 2814 formas.
1325 2750 1396 2814 lloc
1415 2764 1524 2814 autern
1540 2751 1678 2834 qualiter
1697 2750 1753 2815 fiat
1775 2770 1841 2814 non
1862 2764 1909 2814 est
1931 2750 2032 2833 possi-

695 2856 759 2919 bile
779 2857 841 2919 nisi
863 2857 924 2920 hoc
944 2857 1044 2921 modo
1064 2857 1151 2941 quod
1174 2859 1280 2942 ipsum
1302 2858 1414 2922 lumen
1436 2858 1615 2922 intellectus
1634 2859 1759 2942 agentis
1778 2860 1819 2922 sit
1837 2857 1943 2922 forma
1961 2858 2031 2921 eius

694 2963 783 3047 quod
811 2983 866 3047 per
892 2964 1091 3029 intellectum
1121 2966 1255 3029 interius
1281 2969 1336 3049 qui
1364 2966 1590 3030 uniuersaliter
1615 2985 1713 3049 agens
1738 2979 1785 3029 est
1809 2966 2028 3029 constituitur.

633 3100 666 3132 20
696 3069 882 3135 Intellectus
901 3087 1009 3137 autem
1024 3073 1081 3156 qui
1103 3092 1170 3136 rem
1187 3075 1305 3137 inesse
1325 3075 1505 3150 constituit,
1520 3088 1551 3138 et
1566 3073 1671 3137 forma
1692 3074 1798 3157 primo
1813 3087 1859 3137 est
1874 3073 1914 3136 ad
1935 3073 2031 3157 parti-

694 3178 814 3254 culare,
828 3179 971 3243 secundo
985 3180 1026 3243 ad
1039 3181 1219 3244 universale
1232 3182 1265 3243 in
1279 3201 1345 3264 quo
1359 3194 1473 3245 natura
1486 3182 1609 3245 occulte
1623 3182 1688 3263 agit
1702 3193 1733 3245 et
1747 3200 1802 3263 per
1814 3199 2028 3263 consequens.

697 3285 881 3350 intellectus
905 3288 1003 3370 igitur
1023 3287 1074 3351 dei
1096 3301 1127 3351 et
1149 3288 1264 3351 diuina
1286 3289 1394 3372 primo
1415 3303 1493 3353 sunt
1513 3290 1553 3353 de
1575 3288 1772 3372 particulari,
1794 3301 1825 3351 et
1846 3288 1872 3350 si
1895 3300 1973 3351 sunt
1990 3287 2031 3351 de

694 3392 883 3464 uniuersali,
901 3393 962 3457 hoc
981 3395 1040 3458 erit
1060 3414 1126 3458 non
1149 3397 1256 3479 primo
1271 3396 1326 3460 sed
1343 3416 1398 3478 per
1412 3416 1626 3480 consequens.
1649 3395 1721 3459 Hoc
1735 3396 1823 3459 enim
1840 3395 1912 3459 uult
1926 3394 2031 3458 dicere

696 3499 911 3584 philosophus
932 3501 1066 3584 quando
1088 3501 1273 3586 dicitquod
1294 3504 1368 3567 talis
1392 3503 1574 3568 intellectus
1596 3517 1644 3567 est
1665 3515 1701 3567 ut
1721 3503 1783 3578 sol,
1805 3516 1835 3566 et
1858 3515 1895 3565 ut
1917 3521 1968 3565 ars
1988 3500 2029 3564 ad

634 3623 665 3667 25
696 3608 865 3671 materiam
886 3610 1052 3673 sustinuit.
1074 3609 1130 3673 Sol
1150 3613 1238 3674 enirn
1259 3613 1491 3675 constitutiuus
1509 3625 1556 3675 est
1575 3610 1756 3675 visibilium
1777 3611 1811 3672 in
1832 3608 2029 3693 particulari,

694 3729 725 3779 et
746 3734 797 3778 ars
820 3717 1032 3780 constitutiua
1055 3730 1102 3780 est
1125 3716 1343 3781 artificialium
1369 3719 1402 3781 in
1429 3718 1612 3801 particulari
1636 3730 1667 3782 et
1691 3737 1757 3781 non
1783 3718 1817 3780 in
1839 3715 2028 3792 vniuersali,

695 3823 758 3885 nisi
776 3842 831 3906 per
844 3842 1057 3908 consequens.
1079 3824 1244 3908 Amplius,
1260 3826 1371 3890 omnis
1391 3825 1496 3890 forrna
1511 3827 1554 3889 rei
1571 3845 1627 3910 per
1642 3826 1703 3889 hoc
1722 3823 1898 3889 intellectui
1913 3823 2030 3908 adepto

695 3930 746 3993 uel
768 3950 915 4013 possesso
936 3930 1148 4014 intelligibilis
1167 3931 1306 3996 efficitur
1324 3933 1400 4016 quia
1420 3935 1489 4017 ipsa
1508 3946 1555 3996 est
1573 3933 1686 3996 lumen
1706 3932 1829 4014 agentis
1849 3930 2030 3994 intellectus

696 4037 871 4121 [217V]qui
894 4040 1043 4121 proprius
1062 4052 1152 4102 actus
1171 4054 1219 4103 est
1237 4039 1419 4104 intellectus
1441 4039 1624 4122 possibilis3
1647 4040 1730 4102 sicut
1744 4039 1854 4102 omnis
1875 4036 1965 4102 color
1982 4051 2030 4101 est

633 4160 665 4203 30
694 4144 834 4209 visibilis
853 4147 930 4228 quia
948 4159 996 4209 est
1014 4158 1104 4209 actus
1124 4146 1205 4209 lucis
1225 4147 1302 4210 solis
1320 4148 1377 4229 qui
1400 4149 1550 4231 proprius
1568 4160 1658 4211 actus
1679 4160 1726 4210 est
1748 4148 1894 4229 potencie
1912 4146 2027 4210 visiue.

695 4252 830 4336 Oportet
850 4253 946 4335 igitur
960 4273 1095 4317 ornnem
1116 4252 1254 4317 formam
1275 4275 1294 4317 a
1314 4254 1440 4318 lumine
1458 4255 1582 4337 agentis
1602 4254 1826 4319 intellectualis
1845 4253 2030 4323 substancie

693 4361 904 4424 constitutam
925 4379 993 4424 esse
1013 4343 1192 4424 seeundum
1214 4375 1322 4425 actum
1343 4376 1373 4426 et
1392 4363 1582 4426 essenciam.
1608 4362 1716 4445 Fingit
1737 4362 1835 4445 igitur
1853 4362 1912 4425 iste
1934 4362 2030 4424 mira-

695 4467 770 4530 bilis
803 4466 1020 4551 philosophus
1048 4467 1186 4551 qualiter
1213 4467 1319 4532 forma
1347 4468 1420 4533 talis
1452 4470 1661 4534 constituitur
1689 4470 1751 4532 nisi
1781 4470 1814 4531 in
1845 4467 2028 4552 particulari

693 4574 922 4651 constituatur,
948 4588 978 4638 et
1005 4575 1065 4638 hoc
1092 4588 1139 4638 est
1165 4575 1254 4658 quod
1281 4577 1315 4638 in
1342 4575 1381 4639 de
1406 4578 1512 4639 causis
1537 4575 1667 4652 dicitur,
1694 4575 1782 4658 quod
1812 4575 2029 4657 intelligencia

634 4696 665 4740 35
694 4681 753 4745 scit
777 4700 825 4744 res
852 4680 1019 4745 inferiores
1046 4702 1100 4765 per
1124 4682 1186 4745 hoc
1209 4681 1298 4766 quod
1324 4698 1372 4746 est
1393 4702 1491 4746 causa
1515 4702 1639 4746 earum.
1668 4683 1702 4746 Si
1729 4682 1810 4747 forte
1833 4682 1918 4747 dicat
1940 4681 2028 4764 quod

695 4787 875 4853 intellectus
900 4790 1102 4853 constituens
1128 4809 1186 4852 sua
1211 4788 1387 4853 efficiencia
1414 4810 1481 4854 non
1510 4791 1674 4874 cognoscit
1700 4809 1736 4853 ea
1759 4809 1823 4873 que
1848 4789 2028 4863 constituit,

694 4895 756 4958 hoc
775 4896 914 4959 omnino
933 4895 1108 4960 ridiculum
1128 4910 1186 4971 est,
1206 4898 1284 4980 quia
1302 4897 1375 4960 talis
1396 4898 1591 4961 constitucio
1609 4912 1657 4962 est
1674 4899 1823 4981 operacio
1845 4897 2029 4962 substancie

776 5121 785 5154 ¹
806 5121 850 5176 Ms
863 5147 899 5167 =
913 5119 1051 5178 secunda.
