4872 6552
972 885 1178 949 ..53-

406 1094 473 1140 non
489 1075 602 1150 homo,
618 1093 656 1138 eo
670 1072 759 1158 quod
778 1071 819 1137 ad
839 1072 1050 1156 negocionem
1069 1070 1275 1153 superiorum
1295 1072 1440 1154 sequitur
1461 1070 1592 1153 negacio
1613 1068 1743 1133 inferio

406 1202 493 1245 rurn.
509 1181 652 1262 Quando
670 1199 745 1263 ergo
759 1180 917 1263 queritur,
939 1179 1043 1261 posito
1058 1176 1147 1260 quod
1168 1176 1279 1240 nullus
1299 1177 1400 1241 homo
1420 1178 1472 1252 sit,
1493 1191 1603 1240 utrum
1625 1177 1682 1240 hec
1702 1177 1744 1240 sit

406 1308 492 1363 vera,
509 1289 610 1351 homo
625 1301 672 1351 est
686 1286 823 1362 animal,
838 1285 912 1348 dico
927 1284 1015 1368 quod
1032 1285 1086 1347 illa
1101 1284 1246 1367 ypothesi
1268 1298 1400 1358 retenta,
1417 1284 1479 1346 hoc
1493 1284 1616 1347 dictum
1639 1303 1743 1367 neque

405 1405 452 1456 est
479 1392 692 1456 determinate
719 1411 846 1466 verum,
876 1409 981 1472 neque
1009 1389 1220 1454 determinate
1249 1390 1383 1467 falsum,
1412 1390 1467 1453 sed
1496 1404 1543 1454 est
1570 1409 1683 1453 verum
1713 1403 1744 1452 et

406 1498 525 1562 salsum
554 1500 586 1561 in
614 1498 727 1574 simul,
747 1510 778 1561 et
804 1516 908 1580 neque
930 1516 1045 1560 verum
1074 1516 1179 1580 neque
1205 1497 1338 1572 falsum,
1357 1516 1396 1560 eo
1421 1497 1510 1580 quod
1538 1517 1577 1560 ex
1603 1496 1743 1579 predicta
1773 1512 1786 1556 5

404 1606 551 1690 ypothesi
582 1605 665 1668 nihil
694 1605 906 1668 determinate
933 1624 1006 1667 vere
1034 1603 1254 1680 affirmemus,
1283 1607 1367 1668 sicut
1393 1605 1555 1686 contingit
1582 1603 1742 1687 implicari

405 1713 666 1787 contradictoria,
694 1713 776 1775 sicut
805 1710 898 1774 docet
927 1711 1105 1774 aristoteles
1130 1722 1167 1793 4⁰
1193 1711 1421 1794 metaphysice.
1452 1710 1547 1774 Unde
1575 1710 1708 1794 quando
1733 1713 1744 1752 1

406 1840 461 1903 per
475 1820 658 1903 ypothesim
679 1818 760 1881 illud
776 1818 814 1880 de
829 1837 896 1900 quo
914 1817 1119 1881 affirmamus
1137 1818 1260 1882 animal
1282 1820 1437 1901 ponimus
1453 1838 1519 1881 non
1535 1837 1605 1892 ens,
1622 1816 1741 1880 falsum

404 1939 452 1991 est
470 1927 510 1990 de
532 1927 602 2009 ipso
623 1923 747 1988 animal
760 1945 769 2002 ;
792 1925 881 1988 unde
900 1924 1034 2007 quando
1053 1924 1092 1988 de
1115 1924 1251 1989 homine
1273 1927 1406 2008 ponitur
1427 1924 1582 1988 affirmari
1604 1923 1742 1999 animal,

404 2053 520 2098 uerum
541 2047 589 2096 est
603 2032 643 2095 de
663 2033 744 2115 ipso.
764 2031 859 2094 Unde
874 2033 899 2093 si
915 2031 1035 2114 aliquis
1049 2046 1205 2114 quereret,
1223 2035 1328 2115 posito
1343 2033 1431 2115 quod
1453 2032 1554 2095 homo
1573 2044 1655 2094 esset
1675 2050 1742 2093 non
1776 2059 1805 2090 10

405 2141 542 2217 animal,
559 2141 610 2204 uel
625 2154 708 2204 esset
727 2159 794 2203 non
816 2140 1014 2214 substancia,
1030 2153 1139 2202 vtrum
1156 2139 1215 2202 hec
1229 2153 1310 2204 esset
1324 2160 1413 2217 uera,
1430 2141 1530 2207 homo
1545 2154 1592 2206 est
1605 2141 1742 2216 animal,

404 2249 483 2332 quia
504 2248 585 2312 illud
606 2247 645 2312 de
664 2267 731 2333 quo
751 2247 934 2311 affirmatur
953 2247 1076 2310 animal
1096 2261 1133 2310 ut
1151 2252 1163 2290 ²
1186 2262 1327 2330 ponente
1350 2249 1481 2331 ponitur
1500 2248 1602 2313 homo
1623 2263 1653 2312 et
1675 2268 1742 2311 non

405 2356 603 2431 substancia,
619 2354 707 2418 unde
728 2374 794 2418 non
816 2355 1002 2418 substancia
1022 2355 1156 2437 ponitur
1171 2374 1238 2418 non
1258 2355 1395 2431 animal,
1411 2369 1459 2419 est
1471 2354 1590 2419 falsum
1606 2358 1639 2433 3;
1656 2354 1744 2419 unde

404 2462 539 2546 quando
553 2462 593 2525 de
608 2462 743 2526 homine
764 2463 897 2545 ponitur
911 2460 1064 2524 affirmari
1081 2481 1195 2524 verum
1211 2475 1259 2525 est
1273 2461 1313 2525 de
1328 2463 1399 2544 ipso
1413 2482 1481 2526 esse
1500 2463 1636 2526 animal.
1654 2462 1744 2526 Latet

405 2583 513 2633 autem
530 2568 778 2633 contradictoria
797 2569 970 2652 implicari,
985 2568 1120 2651 quando
1141 2570 1296 2650 ponimus
1316 2570 1485 2632 hominem
1501 2589 1570 2633 csse
1589 2590 1656 2633 non
1672 2590 1742 2646 ens,
1776 2583 1805 2627 ιε

405 2696 443 2741 εο
462 2676 550 2759 quod
569 2675 681 2759 aliqua
699 2688 777 2739 sunt
795 2676 886 2739 encia
906 2675 946 2738 de
964 2695 1105 2758 quorum
1128 2677 1258 2739 racione
1277 2696 1344 2740 non
1364 2689 1411 2740 est
1429 2680 1442 2718 ⁴
1461 2697 1519 2739 ens
1540 2677 1742 2759 simpliciter,

406 2785 488 2846 sicut
507 2782 678 2846 individua
696 2782 932 2865 generabilium
953 2796 984 2845 et
1002 2783 1277 2866 corruptibilium,
1297 2797 1328 2846 et
1347 2783 1420 2847 ideo
1443 2803 1561 2866 ponere
1581 2783 1645 2847 tale
1663 2782 1743 2866 quid

406 2910 473 2954 non
493 2909 561 2953 esse
579 2909 650 2965 ens,
672 2889 755 2952 nihil
777 2890 923 2973 implicat
941 2902 1052 2953 contra
1072 2909 1183 2952 eorum
1207 2891 1383 2953 racionem.
1407 2890 1481 2954 Non
1503 2891 1548 2954 sic
1567 2905 1674 2954 autem
1698 2903 1745 2954 est

405 2997 445 3060 de
460 3010 575 3061 natura
590 2996 750 3072 humana,
766 2997 843 3080 quia
858 2997 884 3059 si
900 2997 973 3079 quis
989 3010 1074 3078 petat
1094 3010 1244 3060 naturam
1265 2997 1446 3060 humanam
1468 3017 1536 3061 esse
1551 2998 1591 3061 de
1606 3017 1744 3061 numero

405 3123 518 3168 eorum
534 3124 597 3188 que
614 3104 734 3168 habent
753 3123 821 3167 esse
840 3118 985 3186 tempore
1000 3104 1215 3167 determinato
1230 3105 1313 3167 sicut
1331 3105 1517 3181 indiuidua,
1533 3119 1563 3169 et
1577 3119 1657 3168 tunc
1670 3120 1718 3170 est
1732 3108 1744 3147 ⁵
1774 3130 1805 3160 20

405 3226 518 3277 contra
534 3214 696 3276 racionem
712 3212 782 3274 eius
798 3231 867 3274 non
883 3231 962 3276 esse.

485 3318 584 3382 Tunc
603 3320 629 3382 si
650 3320 796 3402 queritur
816 3331 926 3381 utrum
949 3317 1006 3381 hec
1030 3321 1071 3381 sit
1094 3339 1170 3382 uera
1192 3340 1199 3382 :
1221 3319 1322 3383 homo
1347 3334 1394 3384 est
1417 3320 1553 3396 animal,
1575 3321 1744 3403 supposito

405 3426 494 3510 quod
512 3426 586 3490 talis
605 3441 686 3490 esset
709 3439 825 3489 natura
845 3425 1003 3501 humana,
1024 3426 1097 3489 dico
1119 3426 1207 3509 quod
1228 3425 1308 3488 falsa
1330 3441 1388 3501 est,
1409 3428 1492 3490 sicut
1516 3427 1585 3501 hec,
1607 3441 1744 3490 socrates

405 3549 451 3597 est
467 3533 580 3609 homo,
596 3533 730 3616 quando
745 3546 883 3597 socrates
903 3552 970 3597 non
991 3534 1109 3609 existit,
1126 3536 1209 3596 sicut
1222 3533 1303 3596 alias
1317 3533 1472 3596 diximus.
1495 3534 1640 3597 Socrates
1654 3535 1742 3597 enim

405 3656 452 3706 est
480 3659 601 3703 nomen
632 3640 812 3715 individui,
842 3640 931 3703 unde
959 3640 1167 3703 individuum
1197 3655 1255 3704 est.
1286 3639 1454 3722 Significat
1485 3660 1560 3723 ergo
1593 3657 1741 3704 naturam
1774 3658 1805 3702 ηε

406 3748 587 3811 humanam
615 3747 676 3810 sub
704 3748 832 3810 racione
854 3767 920 3830 qua
943 3745 1155 3810 determinata
1179 3761 1209 3810 et
1233 3746 1438 3810 indiuiduata
1461 3764 1518 3812 est.
1547 3748 1593 3811 De
1617 3749 1744 3811 racione

405 3867 513 3918 autern
548 3853 712 3917 indiuidui
741 3866 789 3917 est
816 3853 905 3936 quod
935 3857 976 3917 sit
1003 3873 1053 3916 res
1081 3853 1285 3917 determinati
1315 3855 1486 3937 temporis,
1516 3869 1546 3918 et
1575 3855 1647 3918 ideo
1675 3874 1742 3918 rem

408 3963 557 4026 nominat
578 3975 716 4025 socrates
735 3961 775 4024 de
796 3962 890 4023 cuius
912 3961 1040 4033 racione
1061 3975 1108 4024 est
1130 3960 1231 4024 homo
1255 3981 1320 4024 non
1345 3961 1546 4044 simpliciter,
1567 3963 1644 4044 quia
1665 3977 1744 4027 tunc

406 4088 533 4152 semper
560 4082 642 4132 esset
675 4068 793 4143 homo,
822 4068 900 4151 quia
929 4087 995 4131 rem
1030 4067 1190 4150 significat
1216 4068 1256 4131 de
1284 4070 1378 4131 cuius
1411 4070 1539 4132 racione
1568 4083 1615 4132 est
1643 4070 1744 4134 homo

405 4177 559 4259 temporis
581 4176 798 4249 determinati,
823 4195 880 4258 pro
903 4174 959 4239 illo
981 4189 1126 4258 ternpore
1147 4175 1329 4238 verificatur
1351 4176 1452 4239 homo
1470 4176 1510 4240 de
1532 4191 1665 4252 socrate,
1686 4196 1744 4259 pro
1773 4193 1805 4236 30

406 4284 478 4346 aliis
504 4298 613 4347 autem
641 4282 840 4346 falsificatur.
863 4281 917 4345 Tu
942 4284 1031 4345 enim
1057 4301 1125 4345 non
1149 4283 1270 4345 diceres
1296 4283 1465 4347 hominem
1492 4303 1564 4347 vere
1588 4285 1742 4365 predicari

406 4392 446 4455 de
466 4405 599 4467 socrate,
617 4391 678 4453 nisi
693 4391 771 4474 quia
786 4404 833 4453 est
853 4389 1052 4473 predicatum
1068 4390 1253 4465 essenciale‚
1269 4392 1308 4454 de
1325 4392 1418 4454 cuius
1438 4393 1566 4454 racione
1580 4407 1627 4455 est
1641 4393 1742 4476 quod,

405 4499 431 4561 si
455 4518 521 4561 non
545 4497 706 4581 significat
726 4509 864 4561 socrates
887 4498 948 4560 nisi
973 4510 1122 4560 naturam
1147 4498 1326 4560 humanam
1348 4498 1552 4562 determinati
1574 4501 1742 4581 temporis,

407 4625 473 4668 non
489 4618 537 4668 est
551 4604 652 4668 homo
672 4604 863 4687 simpliciter
876 4618 906 4668 et
926 4624 1053 4687 semper
1067 4604 1107 4667 de
1120 4605 1190 4668 eius
1210 4606 1350 4679 racione,
1366 4619 1445 4667 tunc
1459 4607 1547 4668 enim
1570 4605 1742 4669 indiuidua

406 4712 562 4775 haberent
584 4712 747 4775 racionem
770 4726 800 4776 et
821 4710 1079 4788 diffinicionem3
1098 4711 1153 4775 sed
1175 4713 1221 4774 sic
1243 4711 1397 4775 haberent
1419 4714 1582 4775 racionem
1607 4727 1638 4777 et
1659 4712 1743 4776 diffi-
1771 4728 1803 4773 as

407 4819 571 4882 nicionem
592 4837 701 4881 veram
727 4818 767 4882 de
790 4820 835 4882 eis
859 4837 998 4902 semper,
1019 4838 1086 4882 non
1111 4832 1239 4882 tantum
1266 4838 1323 4901 pro
1346 4833 1492 4902 tempore
1515 4819 1741 4896 determinato,

482 5062 489 5091 ¹
509 5060 553 5115 nts
573 5087 608 5105 t:
628 5059 716 5114 enim.
745 5092 778 5098 -
798 5059 808 5091 ¹
828 5060 873 5115 Με
893 5084 928 5104 =
948 5070 985 5115 et.
1007 5091 1032 5099 —
1064 5058 1226 5134 3Μαηᾳιιε
1246 5059 1321 5115 dans
1341 5060 1368 5116 le
1389 5077 1440 5115 ms.
1462 5092 1495 5100 -
1514 5062 1525 5092 ⁴
1545 5061 1686 5136 Mouque.
1713 5094 1741 5103 -

406 5149 418 5183 ⁸
437 5148 578 5224 Matique.
