4882 6546
1609 943 1738 986 LXXXVII

407 1115 722 1203 renseignements,
756 1113 779 1180 il
817 1114 956 1182 affirme
990 1135 1060 1202 que
1095 1114 1196 1202 Siger
1226 1115 1268 1180 de
1302 1113 1466 1181 Courtrai
1499 1126 1551 1179 est
1581 1127 1739 1180 contem-

408 1232 529 1319 porain
564 1233 607 1298 de
641 1232 735 1298 saint
765 1231 929 1298 Thomas
968 1230 1125 1317 d’Aquin
1161 1243 1195 1296 et
1230 1251 1279 1296 un
1317 1231 1378 1296 des
1415 1250 1662 1317 compagnons
1696 1231 1739 1296 de

409 1348 538 1414 Robert
565 1349 607 1415 de
636 1347 775 1414 Sorbon
802 1351 825 1411 1.
853 1348 951 1413 Dans
986 1347 1016 1413 le
1046 1347 1176 1413 second
1202 1358 1305 1426 texte,
1333 1345 1473 1412 Echard
1506 1359 1558 1411 est
1591 1346 1741 1412 conduit

408 1464 426 1529 a
461 1465 676 1551 rapprocher
712 1464 760 1530 les
800 1483 905 1529 noms
940 1463 983 1529 de
1023 1462 1123 1550 Siger
1156 1463 1198 1528 de
1232 1462 1396 1528 Courtrai
1429 1476 1463 1528 et
1494 1463 1536 1528 de
1567 1462 1668 1549 Siger
1697 1464 1740 1529 de

409 1580 584 1662 Brabant;
622 1580 831 1666 cependant,
866 1578 889 1644 il
925 1599 968 1645 ne
1005 1599 1096 1645 nous
1126 1577 1284 1665 apprend
1312 1598 1374 1664 pas
1399 1577 1664 1664 explicitement
1685 1577 1739 1645 s'il

408 1694 477 1761 voit
499 1716 583 1761 sous
599 1716 656 1761 ces
673 1696 764 1761 deux
789 1715 893 1760 noms
911 1715 982 1760 une
1006 1693 1151 1760 identite
1171 1694 1213 1759 de
1233 1713 1410 1779 personne
1436 1698 1459 1757 ².
1487 1692 1577 1760 Mais
1600 1694 1689 1759 dans
1708 1693 1740 1760 la

410 1810 520 1878 notice
544 1832 606 1877 sur
631 1810 870 1898 l'inquisiteur
892 1810 1017 1876 Simon
1037 1811 1084 1876 du
1105 1809 1182 1889 Val,
1200 1810 1302 1895 apres
1325 1808 1425 1875 avoir
1445 1810 1565 1875 donne
1591 1809 1741 1876 l'extrait

409 1928 449 1994 de
471 1927 570 1994 l'acte
596 1927 639 1992 de
663 1926 809 1994 citation
838 1926 956 1992 visant
985 1926 1083 2012 81361
1112 1927 1155 1992 de
1182 1926 1349 2004 Brabant,
1379 1925 1401 1990 il
1429 1926 1582 2012 rappelle
1611 1926 1641 1991 le
1668 1926 1739 2013 legs

408 2043 447 2109 de
471 2042 688 2110 manuscrits
711 2041 772 2109 fait
794 2062 896 2129 parce
918 2042 1060 2108 dernier
1080 2042 1100 2107 a
1122 2041 1154 2107 la
1176 2041 1375 2108 Sorbonne.
1395 2041 1457 2120 Or,
1475 2061 1532 2107 ces
1552 2061 1738 2129 ouvrages,

411 2158 544 2225 Echard
567 2179 610 2224 en
631 2180 651 2225 a
670 2158 747 2242 deit
768 2157 864 2245 parle
884 2157 965 2245 plus
992 2156 1091 2237 baut,
1110 2171 1143 2223 et
1164 2156 1192 2223 si
1216 2157 1246 2223 le
1272 2156 1403 2223 lecteur
1422 2176 1459 2221 se
1479 2170 1616 2243 reporte
1642 2157 1662 2221 a
1687 2168 1740 2223 cet

408 2274 557 2355 endroit,
592 2275 615 2340 il
648 2274 832 2362 s'apercoit
862 2274 1012 2340 aussitbt
1043 2273 1129 2360 qu'il
1163 2272 1264 2360 s'agit
1295 2273 1356 2338 des
1389 2272 1494 2338 livres
1527 2271 1645 2360 legues
1677 2293 1742 2359 par

409 2391 505 2480 Siger
534 2392 576 2457 de
606 2390 784 2458 Courtrai.
817 2390 906 2456 D'ou
936 2390 958 2455 il
984 2389 1060 2456 faut
1084 2389 1252 2456 conclure
1284 2409 1366 2476 que,
1395 2390 1485 2455 dans
1517 2409 1582 2455 son
1615 2388 1737 2477 esprit‚

412 2506 547 2574 lichard
581 2506 768 2573 identifiait
808 2506 856 2573 les
888 2506 982 2572 deux
1014 2488 1126 2592 Sigei,
1160 2505 1318 2592 quoique
1354 2525 1397 2571 ne
1430 2503 1638 2572 l'affirmant
1679 2525 1739 2591 pas

408 2621 706 2710 explicitementt.
738 2622 830 2689 C'est
857 2622 1036 2689 d'ailleurs
1064 2641 1102 2688 ce
1131 2641 1200 2708 que
1227 2621 1274 2687 Le
1300 2620 1401 2687 Clerc
1427 2621 1521 2687 avait
1548 2622 1741 2708 justement

409 2739 549 2806 observe
579 2744 603 2803 ⁴.

493 2855 583 2922 Mais
611 2876 680 2942 que
709 2868 862 2943 peuvent
891 2854 972 2921 bien
1003 2854 1074 2920 etre
1099 2874 1155 2920 ces
1185 2867 1278 2920 actes
1304 2854 1347 2920 de
1373 2852 1561 2919 Sorbonne
1587 2853 1648 2940 qui
1676 2868 1741 2920 ont

404 2969 494 3038 ainsi
526 2970 703 3038 influence
737 2971 907 3038 Echard?
940 2970 1140 3037 Lui-mdme
1171 2970 1305 3036 semble
1336 2990 1427 3035 nous
1459 2982 1583 3036 mettre
1614 2990 1676 3035 sur
1707 2968 1739 3035 la

403 3087 504 3175 piste.
530 3090 558 3153 Α
581 3107 711 3174 propos
734 3088 781 3153 du
808 3087 880 3174 legs
903 3087 990 3152 d'un
1014 3098 1113 3151 autre
1139 3086 1348 3166 manuscrit,
1373 3083 1435 3151 fait
1455 3085 1475 3151 al
1498 3085 1530 3151 la
1552 3084 1739 3151 Sorbonne

402 3224 466 3291 par
494 3226 543 3269 un
575 3205 734 3269 membre
762 3204 804 3268 de
834 3215 921 3269 cette
950 3201 1166 3280 institution,
1198 3201 1220 3266 il
1250 3200 1365 3267 ecrit:
1400 3203 1560 3287 Quorum
1591 3202 1739 3267 ultimus

402 3321 545 3405 (codex)
566 3341 611 3386 ex
633 3320 750 3407 legato
776 3319 951 3386 Guidonis
972 3318 1138 3383 Britonis
1158 3317 1257 3392 socii,
1283 3318 1347 3404 qui
1368 3338 1413 3383 ex
1436 3306 1533 3383 actis
1549 3318 1740 3407 gymnasii

402 3437 501 3524 apud
525 3438 571 3503 D.
599 3435 823 3517 d'Estor'tillr
846 3435 980 3501 socium
1006 3434 1159 3502 servatis
1184 3443 1217 3499 et
1241 3454 1262 3499 α
1286 3435 1332 3500 D.
1359 3435 1558 3500 Hemeraeo
1585 3433 1739 3500 collectis

492 3677 502 3709 ¹
521 3678 599 3732 Alter
613 3676 941 3747 (manuscriptoruml...
959 3692 992 3730 611
1009 3677 1102 3746 163610
1117 3674 1208 3746 813611
1223 3673 1259 3729 116
1273 3675 1412 3730 Cortraco
1425 3674 1526 3729 decani
1541 3674 1739 3729 Curtracensis

402 3779 431 3823 et
452 3766 523 3824 socii
544 3766 668 3821 Sorbon.
689 3766 741 3836 qui
760 3783 795 3820 ex
813 3765 885 3820 actis
906 3763 968 3835 ejus
987 3763 1132 3837 gymnasii
1153 3775 1244 3819 aetate
1263 3763 1293 3818 8.
1314 3763 1448 3818 Τ11611166
1470 3763 1601 3818 florebat.
1623 3763 1736 3835 Script.

404 3856 474 3911 Ord.
493 3856 614 3921 Praeti„
633 3855 654 3922 l,
670 3856 722 3910 288
738 3856 765 3909 b.

491 3947 502 3978 ²
522 3946 637 4001 Primus
658 3944 806 4017 16011611)...
825 3961 859 4000 ex
877 3945 970 4015 legato
989 3943 1079 4015 813611
1097 3943 1133 3998 de
1152 3943 1291 3999 Cortraco
1309 3942 1410 3996 decani
1431 3941 1566 3997 ecclesiae
1586 3942 1616 3996 Β.
1632 3941 1738 3996 Mariae

402 4035 617 4101 Curtracensis,
642 4035 694 4106 qui
717 4051 732 4090 e
755 4034 856 4106 primis
882 4033 999 4089 Roberti
1022 4033 1058 4088 de
1082 4033 1215 4088 Sorbona
1239 4031 1326 4087 sociis
1350 4031 1406 4088 luit
1428 4048 1463 4086 ex
1486 4031 1558 4087 actis
1580 4031 1736 4104 gymnasii,

402 4138 598 4196 sanctumque
613 4124 765 4179 doctorem
780 4123 863 4180 vidit.
885 4125 963 4179 Alter
982 4140 1011 4177 n.
1035 4123 1084 4178 130
1101 4139 1135 4177 ex
1154 4124 1246 4192 legato
1267 4121 1392 4176 bernerii
1411 4121 1447 4175 de
1466 4121 1585 4176 Nivellis
1603 4121 1737 4175 canonici

402 4215 431 4269 S.
448 4214 565 4269 Martini
587 4213 766 4280 Leodiensis,
787 4214 839 4285 qui
859 4229 929 4268 cum
948 4212 1047 4283 813610
1066 4211 1101 4266 116
1122 4212 1276 4266 Brabantia
1295 4211 1497 4266 concanonico
1519 4225 1573 4264 suo
1594 4210 1736 4265 Leodium

401 4303 459 4372 jam
480 4319 510 4358 se
528 4315 670 4375 receperat
689 4320 788 4360 mense
808 4302 960 4357 novembri
980 4318 1056 4373 1277,
1077 4313 1109 4356 ut
1127 4311 1242 4356 constat
1260 4317 1293 4355 ex
1312 4300 1383 4356 actis
1403 4300 1434 4353 F.
1457 4299 1587 4353 Simonis
1605 4298 1641 4353 de
1660 4298 1738 4354 Valle

402 4392 450 4447 Or.
472 4393 599 4448 Praedic.
623 4394 651 4448 in
674 4409 762 4464 regno
783 4392 919 4446 Franciae
939 4403 1003 4446 111111
1026 4389 1209 4461 inquisitoris
1229 4389 1378 4459 generalis.
1400 4388 1449 4443 Sic
1469 4388 1546 4442 enim
1569 4388 1692 4444 habetur
1707 4387 1736 4442 in

401 4481 466 4537 cod.
483 4483 535 4537 MS
551 4484 674 4540 membr.
691 4482 760 4537 alias
774 4492 938 4537 conventus
957 4480 1049 4535 nostri
1066 4478 1290 4549 Rotomagensis
1305 4477 1368 4548 ejus
1383 4477 1494 4543 aetatis,
1510 4476 1560 4533 ubi
1576 4488 1639 4532 6616
1653 4477 1737 4549 plura

401 4571 464 4641 ejus
478 4572 679 4643 inquisitionis
694 4572 733 4644 lp.
749 4572 800 4643 295
814 4573 851 4639 a).

490 4663 501 4694 ⁸
521 4663 638 4732 Sigerus
656 4660 691 4716 de
710 4661 864 4716 Brabantia
881 4672 909 4715 61
930 4659 1070 4714 Bernerus
1089 4658 1125 4713 de
1144 4658 1256 4713 Nivella
1273 4669 1354 4712 erant
1372 4656 1401 4711 8.
1419 4656 1455 4710 T.
1476 4655 1607 4727 magistri
1621 4667 1649 4711 et
1665 4656 1735 4711 socii

402 4751 556 4807 Sorbonici
569 4768 601 4805 ea
614 4762 704 4806 aetate
719 4749 834 4821 scriptis
846 4749 933 4804 etiam
947 4748 1025 4814 clari,
1041 4748 1091 4819 qui
1107 4748 1136 4802 in
1151 4747 1349 4819 suspicionem
1364 4747 1468 4801 erroris
1481 4756 1628 4810 venerant,
1644 4760 1734 4815 quam

401 4852 498 4896 tamen
527 4840 688 4912 purgarint,
713 4855 781 4895 cum
809 4839 838 4893 in
864 4838 1076 4894 communione
1101 4837 1243 4892 Ecclesiae
1266 4835 1402 4901 obierint,
1424 4836 1595 4906 multosque
1620 4833 1735 4888 codices

402 4930 552 4985 Sorbonae
578 4929 708 5000 legerint,
736 4929 809 4984 inter
836 4928 908 4983 61106
933 4927 1051 4998 81361116
1078 4926 1203 4997 primam
1230 4938 1339 4997 partem
1369 4925 1510 4981 Summae
1537 4924 1566 4978 S.
1590 4923 1733 4987 Thomae,

402 5019 527 5091 primam
541 5018 702 5085 Secundae,
717 5018 897 5091 quodlibeta,
909 5028 937 5073 et
948 5016 1140 5086 Quaestiones
1151 5015 1315 5086 disputatas
1327 5014 1363 5069 de
1377 5014 1506 5089 potentia
1519 5012 1580 5083 Dei,
1595 5013 1735 5073 Bernerus

403 5108 527 5183 primam
544 5107 695 5163 Secundae
708 5120 736 5163 61
749 5105 909 5163 secundam
925 5105 1077 5161 Secundae
1091 5104 1130 5182 (p.
1149 5104 1199 5175 395
1215 5104 1252 5177 6).

490 5197 501 5233 ⁴
521 5197 600 5257 Hist.
617 5197 687 5265 litt,
703 5199 721 5252 l.
736 5214 761 5252 c.
777 5214 805 5275 p.
825 5213 882 5253 111.
