4872 6552
952 901 1178 965 -103-

399 1109 467 1154 esse
483 1109 550 1153 non
566 1087 681 1153 factam
698 1108 737 1152 err
751 1088 862 1172 aliquo
877 1089 1075 1172 preiacente;
1096 1087 1151 1150 sed
1168 1107 1236 1150 non
1251 1101 1299 1152 est
1313 1108 1426 1151 verum
1442 1107 1512 1151 eam
1529 1107 1598 1151 esse
1612 1086 1730 1151 factam

400 1217 438 1260 ex
461 1196 594 1259 nichilo.
620 1196 706 1276 Quia
728 1197 754 1258 si
776 1197 836 1259 ista
859 1196 1037 1278 preposicio
1058 1214 1098 1258 ex
1120 1207 1196 1257 nota
1220 1195 1262 1257 sit
1284 1194 1490 1268 causalitatis,
1514 1214 1569 1257 seu
1592 1196 1732 1258 circons-

400 1305 541 1367 tanciam
569 1322 664 1366 cause
692 1302 822 1366 denotet
849 1315 880 1365 et
908 1303 1035 1385 proprie
1062 1302 1248 1385 accipiatur,
1280 1321 1347 1364 non
1376 1321 1489 1364 verum
1514 1305 1526 1345 ¹
1553 1315 1601 1365 est
1628 1302 1732 1366 dicere

399 1412 546 1474 animam
575 1409 805 1474 intellectiuam
832 1408 949 1473 factam
975 1429 1043 1473 esse
1066 1429 1105 1472 ex
1129 1408 1262 1484 nichilo,
1287 1427 1362 1471 cum
1389 1408 1489 1470 nichil
1514 1410 1555 1473 sit
1582 1408 1732 1472 nullius²

399 1537 505 1580 causa.
528 1517 561 1580 Si
582 1537 659 1581 uero
679 1517 738 1580 hec
758 1517 936 1600 preposicio
956 1536 995 1580 ex
1014 1516 1144 1579 denotet
1163 1515 1311 1579 ordinem
1331 1517 1487 1598 temporis
1506 1528 1537 1578 et
1556 1517 1732 1599 improprie
1761 1533 1774 1577 5

399 1625 575 1707 accipiatur
594 1639 629 1687 ut
649 1623 845 1707 intelligatur
865 1625 1011 1686 animam
1034 1622 1293 1686 intellectiuamB
1313 1622 1429 1685 factam
1451 1642 1518 1685 esse
1537 1642 1576 1685 err
1595 1622 1730 1697 nichilo,

400 1732 460 1795 hoc
474 1746 521 1795 est
537 1742 708 1814 postquam
726 1732 795 1813 ipsa
814 1743 881 1794 erat
901 1729 1000 1793 nichil
1015 1734 1040 1805 ⁴,
1056 1730 1171 1793 ordine
1188 1729 1375 1792 duracionis
1392 1729 1592 1811 temporalis,
1609 1748 1668 1792 nec
1687 1731 1732 1792 sic

399 1839 496 1903 habet
517 1839 684 1902 veritatem
709 1857 784 1901 cum
809 1840 851 1901 sit
873 1851 993 1911 eterna,
1020 1856 1078 1900 nec
1100 1837 1202 1900 eciam
1228 1856 1340 1901 verum
1363 1849 1410 1899 est
1430 1836 1443 1878 ⁵
1468 1838 1613 1899 animam
1641 1836 1733 1900 intel·

399 1946 548 2008 lectiuam
578 1964 646 2008 esse
675 1943 793 2008 factam
814 1948 828 1986 ⁶
852 1964 890 2006 err
915 1944 1049 2020 nichi10,
1074 1945 1118 2007 ita
1141 1943 1229 2026 quod
1254 1943 1312 2006 hec
1337 1943 1516 2026 preposicio
1538 1963 1577 2006 ex
1603 1943 1733 2007 denotet

399 2052 546 2116 ordinem
582 2052 762 2116 naturalem
792 2065 823 2115 et
852 2053 963 2114 minus
992 2051 1120 2134 proprie
1147 2052 1323 2133 accipiatur
1353 2050 1393 2113 ad
1420 2051 1481 2114 hoc
1504 2053 1528 2126 ⁷,
1556 2051 1599 2113 ita
1629 2063 1666 2113 ut
1692 2052 1733 2113 sit
1763 2082 1793 2113 ιο

399 2179 513 2224 sensus
536 2159 624 2243 quod
651 2161 762 2222 anima
786 2159 982 2222 intellectiua
1007 2156 1088 2222 facta
1113 2159 1153 2223 sit
1177 2178 1215 2221 ex
1242 2157 1377 2234 nichilo,
1403 2157 1464 2220 hoc
1487 2171 1535 2221 est
1559 2171 1730 2241 postquam

400 2266 586 2331 naturaliter
600 2281 665 2330 erat
681 2266 794 2329 nichil.

481 2374 630 2437 Diceret⁸
653 2373 772 2456 aliquis
795 2373 883 2456 quod
904 2372 986 2436 illud
1005 2373 1093 2456 quod
1114 2372 1229 2436 accidit
1251 2371 1303 2436 uel
1318 2375 1331 2414 ⁹
1349 2373 1506 2436 conuenit
1524 2372 1620 2435 alicui
1641 2372 1680 2434 de
1699 2392 1732 2435 se

399 2483 598 2557 naturaliter,
629 2482 718 2563 prius
746 2481 773 2542 ei
803 2481 961 2543 conuenit
988 2500 1087 2563 quam
1115 2479 1196 2542 illud
1225 2478 1313 2562 quod
1343 2478 1438 2542 habet
1464 2479 1505 2541 ab
1531 2479 1606 2542 alio.
1636 2479 1733 2541 Nunc

398 2602 506 2651 autem
529 2589 640 2650 anima
663 2587 858 2651 intellectiua
880 2607 918 2649 ex
940 2607 1006 2671 quo
1027 2599 1156 2649 causata
1180 2601 1226 2649 est
1249 2587 1337 2669 quod
1363 2587 1403 2649 sit
1425 2606 1495 2661 ens,
1520 2585 1561 2648 ab
1584 2585 1648 2649 alio
1672 2598 1729 2649 est.
1763 2604 1792 2648 15

400 2695 447 2758 De
470 2697 520 2758 sui
544 2708 652 2759 autem
678 2707 793 2757 natura
818 2693 917 2757 nichil
943 2707 1010 2769 est;
1036 2695 1134 2756 etsie
1160 2694 1274 2756 ordine
1301 2692 1438 2756 naturali
1465 2711 1520 2775 per
1535 2696 1559 2735 ¹⁰
1576 2694 1664 2775 prius
1685 2706 1732 2756 est

399 2803 499 2865 nichil
525 2822 624 2885 quam
652 2801 787 2885 aliquid.
816 2801 877 2868 Sed
906 2821 965 2864 nec
989 2803 1033 2864 sic
1056 2801 1212 2864 conuenit
1238 2800 1440 2864 ueredicere
1465 2802 1611 2863 animam
1640 2799 1732 2863 intel-

398 2909 549 2973 lectiuam
577 2929 644 2972 esse
670 2908 786 2972 factam
812 2928 850 2972 ex
878 2908 1012 2984 nichilo,
1040 2908 1100 2970 hoc
1126 2921 1172 2970 est
1199 2921 1370 2990 postquam
1397 2919 1463 2970 erat
1490 2906 1590 2970 nichil
1617 2908 1732 2971 ordine

400 3017 550 3093 naturali,
575 3036 613 3080 eo
636 3016 724 3098 quod
750 3015 869 3079 falsum
894 3029 940 3079 est
964 3016 1110 3078 animam
1136 3013 1366 3077 intellectiuam
1391 3013 1431 3076 de
1452 3015 1501 3076 sui
1528 3027 1641 3078 natura
1663 3033 1731 3077 esse

398 3123 519 3200 nichil;
540 3140 618 3187 tunc
638 3124 725 3186 enim
747 3124 788 3185 ab
807 3122 872 3186 alio
892 3142 958 3186 non
977 3137 1058 3185 esset
1076 3142 1144 3185 ens.
1166 3121 1274 3184 lmmo
1293 3122 1404 3184 anima
1424 3120 1620 3185 intellectiua
1639 3121 1679 3184 de
1698 3141 1731 3185 se
1759 3140 1791 3183 25

397 3246 444 3295 est
463 3251 589 3315 semper
607 3251 677 3307 ens,
693 3231 734 3293 ab
749 3231 813 3294 alio
832 3244 954 3305 tamen,
971 3242 1002 3293 et
1022 3229 1167 3312 intelligo
1182 3230 1328 3291 animam
1350 3227 1579 3291 intellectiuam
1597 3231 1621 3271 ¹¹
1640 3228 1678 3290 de
1698 3248 1731 3291 se

396 3360 523 3422 semper
538 3342 563 3382 ¹²
586 3342 788 3402 existentem.
807 3337 860 3401 Sic
875 3340 912 3413 1³,
928 3339 1005 3420 quia
1034 3338 1068 3399 in
1097 3339 1167 3399 eius
1191 3337 1331 3411 racione,
1348 3356 1403 3398 seu
1420 3338 1445 3378 ¹⁴
1468 3334 1670 3399 diffinicione
1684 3348 1731 3399 est

397 3466 524 3529 semper
543 3466 622 3520 esse,
639 3466 713 3508 cum
734 3458 839 3508 careat
861 3446 1014 3521 materia;
1037 3443 1122 3507 istud
1144 3456 1253 3506 tamen
1277 3462 1403 3525 semper
1421 3462 1501 3518 esse,
1517 3443 1604 3525 quod
1625 3456 1673 3506 est
1690 3443 1731 3506 de

397 3554 483 3616 sui1⁵
499 3554 638 3628 racione,
650 3572 717 3615 non
735 3552 830 3614 habet
842 3571 881 3614 ex
894 3550 1094 3626 seeffectiue,
1106 3550 1160 3613 sed
1174 3550 1215 3612 ab
1227 3550 1303 3614 alio.
1318 3549 1357 3612 Et
1372 3550 1444 3612 ideo
1456 3550 1631 3613 dicendum
1646 3553 1731 3614 est1⁶

397 3659 485 3742 quod
509 3661 620 3722 anima
646 3657 842 3721 intellectiua
864 3671 910 3721 est
932 3658 972 3720 de
993 3677 1037 3733 sc,
1060 3677 1115 3719 seu
1133 3660 1156 3699 1⁷
1172 3656 1211 3719 de
1235 3658 1284 3719 sui
1307 3658 1435 3719 racione
1457 3676 1582 3739 semper
1603 3677 1673 3733 ens,
1689 3657 1730 3720 ab
1759 3688 1791 3720 20

396 3767 461 3830 alio
487 3780 607 3830 tamen.
625 3766 700 3829 Non
723 3768 820 3848 igitur
841 3766 952 3827 anima
978 3763 1172 3827 intellectiua
1198 3765 1287 3846 prius
1310 3764 1497 3827 naturaliter
1519 3765 1619 3827 nichil
1643 3778 1691 3828 est
1706 3767 1730 3807 ¹⁸

397 3894 496 3956 quam
521 3872 656 3956 aliquid.
681 3873 756 3935 Non
782 3874 878 3955 igitur
899 3891 1013 3935 verum
1036 3884 1083 3934 est
1103 3874 1127 3913 1⁹
1151 3891 1222 3935 eam
1245 3890 1313 3933 esse
1334 3874 1360 3914 ²⁰
1389 3870 1506 3935 factam
1531 3892 1569 3934 ex
1594 3871 1729 3948 nichilO,

398 3981 459 4043 hoc
480 3996 527 4044 est
548 3981 636 4062 prius
661 3980 759 4042 nichil
782 3980 897 4042 ordine
920 3978 1070 4054 naturali,
1096 3998 1195 4062 quam
1218 3977 1342 4061 aliquid
1357 3981 1394 4054 ²¹,
1417 3980 1509 4061 quasi
1527 3980 1615 4061 prius
1638 3992 1730 4042 natu-

398 4088 504 4151 raliter
525 4088 552 4150 ei
575 4088 749 4151 conueniat
771 4106 838 4150 esse
861 4085 960 4148 nichil
983 4106 1082 4168 quam
1106 4085 1240 4168 aliquid.
1265 4084 1299 4147 Si
1322 4086 1410 4147 enim
1433 4085 1473 4147 de
1495 4086 1544 4148 sui
1565 4089 1591 4128 ²²
1616 4099 1729 4148 natura

397 4209 479 4258 esset
505 4193 617 4270 nichil,
646 4214 817 4277 nunquam
842 4193 883 4256 ab
907 4194 971 4256 alio
998 4194 1128 4256 haberet
1152 4192 1239 4275 quod
1266 4207 1348 4255 esset
1372 4192 1508 4275 aliquid.
1536 4192 1658 4255 Verum
1683 4206 1729 4256 est
1757 4212 1790 4256 30

397 4317 505 4365 tamen
534 4301 622 4384 quod
650 4303 762 4363 anima
791 4300 988 4364 intellectiua
1017 4319 1083 4363 non
1113 4299 1153 4362 de
1181 4319 1214 4362 se
1242 4313 1290 4362 est
1316 4300 1452 4382 aliquid,
1483 4300 1526 4362 ita
1554 4299 1642 4382 quod
1671 4300 1729 4362 hec

398 4410 575 4493 preposicio
607 4410 646 4472 de
678 4408 809 4472 denotet
837 4410 941 4491 ipsam
968 4408 1115 4470 animam
1146 4406 1261 4470 habere
1289 4406 1510 4469 causalitatem
1545 4405 1726 4469 effectiuam

397 4536 493 4599 super
514 4517 574 4579 hoc
596 4516 684 4600 quod
707 4518 775 4599 ipsa
797 4517 838 4579 sit
858 4515 994 4598 aliquid.

479 4813 691 4869 ¹V:vnum.
714 4845 747 4853 —
769 4812 780 4844 ¹
801 4813 994 4869 Vznullius
1014 4813 1060 4868 sit.
1076 4844 1109 4852 —
1130 4811 1141 4843 ⁸
1161 4812 1231 4864 V:
1250 4824 1283 4869 ut
1303 4812 1509 4868 intellectiuam
1530 4811 1671 4866 animam.
1693 4844 1727 4850 —

395 4905 406 4936 ⁴
426 4906 446 4959 P
463 4926 499 4951 :z
517 4905 572 4957 uel.
595 4934 626 4943 -
645 4902 656 4934 ⁸
674 4905 695 4957 P
712 4935 747 4942 —
769 4919 790 4956 r.
810 4935 843 4941 —
862 4902 874 4933 ⁶
891 4903 914 4955 V
932 4929 967 4948 z
985 4902 1091 4958 factam
1111 4918 1181 4957 esse.
1202 4934 1236 4980 .-
1259 4902 1269 4933 ²
1289 4901 1311 4953 V
1328 4927 1364 4946 2:
1381 4902 1479 4957 adhuc
1503 4901 1671 4972 accipiatur.
1693 4933 1727 4940 —

396 4989 1727 5062 ⁸V-l-enim.-⁹V-2.--¹⁰P-r.-¹¹V—1.—¹²P†esse.-¹⁸V=-.sit.-

400 5083 451 5136 “P
489 5082 583 5137 :siue
599 5113 632 5120 -
648 5082 668 5113 ¹⁶
681 5082 703 5133 V
716 5105 752 5129 z
765 5098 827 5137 sua.
843 5114 876 5121 -
890 5080 913 5113 ¹⁸
926 5082 1041 5137 Vzest
1055 5081 1224 5136 dicendum.
1238 5113 1263 5119 -
1287 5081 1307 5113 ¹⁷
1322 5080 1344 5131 V
1359 5105 1371 5108 »
1408 5080 1479 5135 siue.
1496 5111 1530 5119 —-
1547 5079 1568 5112 ¹⁸
1584 5082 1647 5136 P-
1662 5097 1727 5135 r.—

397 5170 666 5230 19Ρ--ι.-”Ρ
726 5170 1211 5229 esseeam.—¹¹P-2.-¹¹V
1272 5187 1325 5229 sua
