4872 6552
1253 860 1457 955 bg„

689 1056 789 1124 lectus
809 1060 841 1120 in
862 1073 948 1135 actu,
965 1072 1041 1122 sunt
1065 1058 1258 1122 fantasmata
1277 1072 1308 1123 et
1327 1059 1509 1122 intellectus
1530 1078 1640 1142 agens,
1660 1078 1724 1142 que
1744 1058 1868 1146 ordine,
1881 1056 2019 1122 naturali

688 1183 795 1232 actum
817 1167 911 1230 illum
932 1166 1137 1230 antecedunt.
1158 1166 1305 1247 Qualiter
1318 1180 1428 1230 autem
1449 1168 1509 1230 ista
1522 1167 1589 1230 duo
1608 1180 1807 1230 concurrunt
1826 1166 1866 1228 ad
1885 1185 2021 1228 causan-

687 1275 768 1337 dum
794 1289 901 1338 actum
928 1274 1142 1357 intelligendi,
1164 1294 1261 1357 super
1281 1275 1415 1338 tercium
1439 1274 1479 1337 de
1502 1276 1613 1337 anima
1637 1275 1829 1357 requiratur,
1852 1274 1908 1356 qui
1934 1273 2018 1335 idem

688 1382 843 1445 diximus.
861 1381 924 1445 Sed
941 1382 1003 1445 hoc
1022 1378 1118 1445 nobis
1132 1382 1308 1445 dicendum
1325 1395 1372 1444 est
1386 1381 1474 1465 quod
1490 1380 1672 1445 uniuersale
1693 1401 1759 1445 non
1776 1393 1823 1444 est
1837 1379 2020 1444 uniuersale

646 1505 659 1548 5
687 1503 762 1553 ante
775 1505 967 1572 conceptum
984 1503 1015 1552 et
1028 1503 1137 1553 actum
1158 1489 1373 1572 intelligendi,
1391 1489 1504 1552 saltem
1522 1509 1579 1572 pro
1594 1502 1631 1552 ut
1645 1502 1692 1552 est
1705 1489 1829 1571 agentis
1845 1488 1902 1551 iste
1917 1500 2018 1551 actus.

687 1597 772 1660 Nam
790 1597 971 1661 intellectus
984 1598 1026 1661 rei
1039 1598 1096 1679 qui
1109 1611 1157 1661 est
1170 1598 1203 1659 in
1218 1596 1377 1679 possibili,
1390 1616 1466 1660 cum
1482 1597 1524 1660 sit
1537 1596 1701 1680 possibilis
1716 1597 1799 1660 sicut
1813 1595 1960 1671 subiecti,
1974 1608 2020 1657 est

687 1706 789 1788 ipsius
807 1706 930 1788 agentis
949 1719 986 1768 ut
1006 1704 1185 1768 efficientis.
1206 1704 1302 1768 Vnde
1320 1704 1504 1767 uniuersale
1525 1724 1592 1767 non
1616 1703 1713 1767 habet
1731 1702 1911 1768 formaliter
1930 1702 2018 1785 quod

688 1813 795 1896 ipsum
812 1814 853 1876 sit
866 1812 929 1877 tale
943 1833 962 1875 a
978 1826 1092 1876 natura
1107 1832 1170 1896 que
1184 1824 1294 1876 causat
1309 1826 1416 1875 actum
1434 1811 1646 1895 intelligendi.
1664 1811 1726 1874 Sed
1742 1825 1778 1874 ut
1791 1812 1880 1894 prius
1895 1811 2019 1874 dictum

687 1934 745 1994 est,
767 1912 820 1983 hic
838 1933 1013 2003 conceptus
1035 1933 1065 1983 et
1086 1934 1176 1983 actus
1198 1933 1245 1983 est
1265 1920 1350 1983 vnde
1369 1919 1551 1982 uniuersale
1572 1919 1669 1982 habet
1688 1919 1776 2002 quod
1796 1932 1847 1982 srt.
1872 1917 1926 1980 Sic
1946 1936 2020 2000 ergo

629 2055 659 2086 ιο
686 2028 894 2103 uniuersalia,
911 2028 1090 2091 secundum
1107 2028 1196 2111 quod
1215 2027 1304 2103 talia,
1321 2041 1449 2091 tantum
1471 2040 1548 2089 sunt
1568 2028 1601 2088 in
1621 2027 1733 2089 anima
1744 2049 1753 2103 ;
1775 2038 1904 2109 propter
1918 2024 2019 2108 quod,

688 2155 793 2218 neque
813 2156 868 2218 per
882 2155 915 2198 se
936 2155 994 2198 nec
1013 2136 1114 2198 eciam
1136 2155 1192 2218 per
1205 2135 1366 2209 accidens,
1383 2134 1564 2198 secundum
1581 2134 1668 2217 quod
1688 2134 1776 2208 talia,
1792 2145 2021 2216 generantura

687 2256 813 2307 natura.
836 2242 895 2306 llla
914 2262 990 2306 vero
1009 2255 1207 2326 naturaque
1227 2242 1452 2305 uniuersaliter
1472 2241 1673 2324 intelligitur,
1692 2254 1723 2304 et
1743 2261 1799 2323 per
1817 2258 2021 2322 consequens

686 2350 815 2426 dicitur,
832 2352 865 2412 in
883 2351 1130 2433 particularibus
1144 2364 1203 2426 est,
1219 2365 1250 2414 et
1265 2370 1319 2433 per
1333 2349 1481 2413 accidens
1495 2362 1677 2432 generatur.

765 2458 817 2520 Ad
834 2459 977 2540 primum
994 2459 1029 2520 in
1044 2460 1231 2541 oppositum
1245 2458 1421 2521 dicendum
1435 2457 1523 2541 quod
1536 2456 1733 2519 vniuersalia
1748 2474 1816 2518 esse
1831 2475 1880 2518 res
1891 2456 2021 2519 vniuer·

629 2580 657 2624 15
686 2565 768 2628 sales
791 2579 894 2648 potest
918 2565 1054 2648 intelligi
1076 2565 1261 2648 dupliciter,
1282 2566 1331 2628 vel
1353 2566 1431 2648 quia
1452 2564 1678 2628 uniuersaliter
1698 2564 1849 2638 existant,
1871 2561 1921 2625 vel
1944 2562 2020 2644 quia

685 2672 911 2737 uniuersaliter
933 2671 1166 2756 intelligantur.
1191 2672 1397 2736 Vniuersalia
1420 2685 1528 2735 autern
1555 2691 1621 2734 non
1647 2684 1724 2736 sunt
1748 2691 1797 2733 res
1820 2668 2020 2734 uniuersales

687 2782 793 2862 primo
820 2780 931 2857 modo,
956 2781 1076 2844 scilicet
1102 2783 1147 2844 sic
1171 2779 1259 2864 quod
1283 2779 1508 2843 vniuersaliter
1533 2780 1565 2841 in
1594 2798 1700 2841 rerum
1730 2791 1845 2841 natura
1869 2778 2018 2840 existant.

686 2886 784 2950 Tunc
808 2889 897 2950 enim
923 2907 990 2950 non
1015 2902 1121 2951 essent
1143 2900 1319 2970 conceptus
1344 2888 1466 2961 anime,
1491 2885 1546 2948 sed
1572 2898 1649 2949 sunt
1677 2887 1744 2968 ipsa
1771 2905 1820 2948 res
1845 2883 2018 2947 naturales.

686 2995 787 3058 Modo
807 2996 962 3071 secundo,
979 2995 1041 3058 hoc
1059 3008 1106 3058 est
1120 2995 1345 3059 uniuersaliter
1364 3008 1394 3058 et
1412 2995 1569 3058 abstracte
1588 2993 1766 3070 intellecte3
1788 2990 2020 3076 propterquod

626 3130 658 3161 20
686 3102 895 3178 vniuersalia,
918 3103 1097 3165 secundum
1120 3103 1209 3185 quod
1232 3102 1435 3177 huiusmodi,
1457 3102 1535 3184 quia
1556 3114 1732 3183 conceptus
1754 3113 1842 3175 sunt,
1863 3099 1903 3161 de
1925 3098 2021 3181 parti-

685 3210 851 3273 cularibus
877 3210 1095 3293 inquantum
1123 3209 1211 3286 talia,
1237 3229 1305 3273 non
1328 3209 1492 3272 dicuntur.
1521 3208 1596 3271 Non
1623 3209 1711 3271 enirn
1741 3208 1878 3269 intentio
1904 3206 2019 3288 speciei

686 3318 738 3381 uel
754 3318 879 3401 generis
894 3318 934 3380 de
949 3319 1027 3400 ipsis
1042 3317 1171 3393 dicitur,
1187 3317 1242 3381 sed
1257 3319 1327 3400 ipsa
1348 3329 1474 3392 natura,
1490 3335 1553 3399 que
1568 3317 1613 3379 sic
1628 3315 1818 3397 intelligitur
1838 3312 2019 3376 secundum

687 3425 717 3487 id
735 3424 822 3508 quod
838 3439 885 3488 est
900 3426 934 3487 in
950 3444 983 3487 se
997 3437 1138 3508 accepta,
1154 3426 1187 3486 in
1203 3426 1314 3487 anima
1330 3444 1399 3486 non
1414 3437 1461 3487 est
1475 3435 1505 3486 et
1519 3424 1559 3486 de
1574 3422 1822 3506 particularibus
1836 3420 1964 3484 dicitur.

766 3533 817 3595 Ad
833 3531 922 3594 aliud
936 3532 1113 3595 dicendum
1128 3531 1217 3615 quod
1234 3551 1283 3594 res
1303 3531 1385 3594 bene
1399 3531 1657 3594 denominantur
1670 3529 1712 3592 ab
1726 3527 1837 3611 aliquo
1853 3546 1920 3590 non
1938 3527 1970 3588 in
1988 3546 2021 3588 re

626 3654 657 3698 25
687 3640 756 3722 ipsa
770 3640 935 3702 existente.
954 3639 1194 3703 Denominatur
1208 3640 1297 3702 enim
1319 3638 1536 3721 intelligencia
1549 3637 1592 3700 ab
1606 3638 1676 3700 eius
1695 3635 1859 3699 intellectu
1874 3634 1930 3717 qui
1952 3652 2019 3696 non

685 3760 732 3809 est
752 3749 786 3808 in
801 3766 837 3809 ea
857 3747 913 3809 sed
933 3748 968 3809 in
983 3748 1095 3809 anima
1112 3766 1119 3809 :
1136 3747 1182 3809 sic
1197 3760 1227 3809 et
1242 3766 1290 3809 res
1305 3748 1317 3788 1
1331 3746 1563 3808 denominatur
1577 3744 1771 3807 vniuersalis
1785 3742 1827 3806 ab
1842 3740 2019 3805 uniuersali

685 3867 716 3919 et
730 3854 890 3917 abstracto
903 3855 973 3917 eius
988 3853 1151 3917 intellectu
1167 3854 1223 3937 qui
1240 3853 1373 3936 quidem
1389 3866 1437 3917 est
1452 3853 1485 3915 in
1501 3854 1612 3915 anima
1628 3872 1695 3915 non
1712 3863 1821 3915 autem
1837 3851 1872 3912 in
1887 3868 1921 3911 re
1937 3849 2017 3930 ipsa.

1287 4092 1289 4096 ⁴
1318 4174 1391 4257 llVl

767 4391 1012 4473 Consequenter
1027 4390 1066 4452 de
1080 4402 1196 4472 quarto
1211 4389 1393 4452 uidendum
1409 4402 1466 4452 est.
1484 4388 1708 4451 Necessarium
1724 4401 1832 4451 autem
1848 4399 1895 4450 est
1909 4399 2018 4450 actum

626 4514 658 4558 30
687 4500 791 4581 ipsam
809 4499 990 4580 potenciam
1007 4498 1135 4560 racione
1151 4497 1327 4579 precedere.
1345 4495 1429 4558 Nam
1447 4508 1476 4558 et
1493 4496 1639 4577 potencia
1655 4514 1710 4577 per
1723 4508 1831 4558 actum
1846 4493 2019 4568 diffinitur,

687 4618 722 4668 ut
740 4604 957 4667 edificatorem
978 4605 1118 4669 dicimus
1140 4604 1288 4666 edificare
1310 4615 1485 4685 potentem.
1509 4602 1592 4665 Actu
1613 4606 1625 4645 ²
1647 4602 1885 4664 nichilominus
1907 4620 2020 4663 secun-

686 4712 777 4775 dario
806 4713 954 4795 potencia
982 4713 1069 4795 prior
1096 4724 1144 4775 est
1171 4712 1357 4775 substancia
1386 4722 1416 4773 et
1444 4708 1639 4792 perfectione
1665 4711 1699 4771 in
1725 4708 1838 4772 eodem
1865 4707 1953 4792 quod
1980 4706 2020 4769 de

687 4819 836 4902 potencia
856 4818 897 4882 ad
919 4833 1027 4882 actum
1050 4818 1203 4902 procedit.
1228 4817 1300 4897 Que
1321 4817 1454 4900 quidem
1476 4818 1564 4880 enim
1587 4818 1797 4899 generacione
1819 4828 1896 4879 sunt
1918 4827 2021 4898 poste-

687 4928 782 5003 riora,
799 4926 984 4990 substancia
999 4927 1100 4990 eciam
1116 4939 1148 4990 et
1161 4928 1173 4969 ³
1188 4924 1383 5009 perfectione
1402 4939 1479 4987 sunt
1497 4925 1615 5007 priora,
1631 4943 1706 4987 cum
1721 4923 1890 5007 generacio
1905 4921 1944 4985 de
1960 4923 2021 4983 im-

769 5151 778 5183 ¹
792 5149 925 5224 Matique
938 5150 1013 5205 dans
1027 5150 1054 5204 le
1068 5166 1119 5205 ms.
1138 5182 1172 5190 —
1185 5150 1196 5182 ¹
1214 5150 1260 5205 Ms
1273 5174 1309 5195 z
1321 5160 1414 5205 actus.
1429 5180 1463 5188 —
1482 5150 1494 5182 ⁸
1508 5148 1641 5221 Monque
1658 5148 1733 5204 dans
1752 5149 1780 5203 le
1797 5165 1849 5204 ms.
