4880 6546
712 873 806 917 CLXVI

712 1043 876 1110 Thomas
900 1042 955 1109 n'a
980 1061 1042 1129 pas
1065 1041 1107 1108 de
1133 1040 1234 1128 peine
1257 1041 1277 1106 a
1300 1040 1452 1127 prendre
1476 1059 1547 1105 une
1571 1038 1668 1107 saine
1692 1037 1844 1126 position
1870 1038 1890 1104 a
1917 1036 2046 1126 l’egard

714 1160 773 1226 des
793 1178 963 1246 penseurs
979 1157 1041 1244 qui
1058 1170 1123 1224 ont
1138 1156 1314 1224 constitue
1335 1157 1367 1222 la
1387 1155 1523 1223 science
1544 1155 1728 1222 humaine.
1748 1178 1768 1217 a
1790 1153 1815 1219 ll
1835 1153 1922 1234 faut,
1940 1152 2045 1233 dit-il,

714 1274 868 1342 recevoir
899 1274 947 1340 les
977 1273 1146 1360 opinions
1176 1273 1237 1339 des
1266 1272 1424 1352 ancienS,
1457 1272 1557 1359 quels
1587 1271 1694 1359 qu’ils
1724 1270 1850 1337 soient.
1884 1270 1965 1337 Cela
1996 1283 2048 1337 est

713 1390 944 1458 doublement
975 1388 1071 1455 utile.
1103 1390 1203 1456 Nous
1231 1401 1457 1475 accepterons
1488 1409 1581 1477 pour
1610 1402 1710 1454 notre
1741 1386 1848 1474 profit
1876 1408 1914 1453 ce
1942 1385 2047 1473 qu'ils

713 1521 776 1577 ont
806 1508 858 1573 dit
884 1507 927 1572 de
956 1507 1050 1585 bien,
1079 1519 1112 1571 et
1144 1525 1235 1571 nous
1267 1524 1358 1571 nous
1387 1505 1581 1591 garderons
1609 1506 1716 1570 dece
1747 1502 1853 1590 qu’ils
1880 1516 1943 1568 ont
1976 1502 2045 1568 mal

712 1623 839 1712 expose
860 1628 881 1687 ¹.
901 1648 921 1686 »
944 1621 969 1687 ll
994 1622 1127 1688 revient
1152 1620 1296 1687 ailleurs
1320 1641 1402 1687 avec
1424 1620 1505 1707 plus
1528 1620 1755 1686 d'insistance
1778 1620 1798 1685 a
1821 1632 1909 1686 cette
1932 1619 2047 1685 meme

713 1740 800 1820 ldie,
827 1752 861 1805 et
886 1738 1019 1804 traduit
1042 1737 1073 1803 le
1097 1737 1288 1803 sentiment
1314 1737 1356 1802 de
1381 1736 1557 1823 g'ratitude
1582 1757 1651 1822 que
1676 1756 1767 1802 nous
1793 1735 1926 1801 devons
1949 1735 2049 1801 avoir

712 1858 731 1923 a
763 1856 892 1943 l’egard
920 1856 962 1921 de
990 1875 1078 1921 ceux
1106 1854 1195 1920 dont
1224 1853 1271 1919 les
1300 1853 1441 1920 labeurs
1468 1866 1531 1919 ont
1559 1851 1734 1919 constitue
1763 1851 1796 1917 la
1821 1850 1957 1918 science
1985 1871 2048 1938 par

663 1951 666 1959 ¹
713 1974 790 2039 leur
806 1972 1013 2038 decouverte
1030 1970 1072 2036 de
1091 1969 1122 2036 la
1138 1968 1259 2048 verite,
1278 1989 1361 2035 sans
1378 1968 1516 2035 oublier
1532 1989 1619 2035 ceux
1637 1967 1713 2054 qui,
1732 1967 1857 2034 s’etant
1876 1964 2046 2054 trompes,

712 2112 735 2177 y
754 2101 818 2155 ont
836 2087 932 2154 aussi
952 2106 1134 2154 concouru
1155 2086 1175 2150 d
1196 2085 1273 2151 leur
1293 2084 1450 2152 maniere
1469 2089 1492 2152 ².

800 2204 920 2286 Quant
936 2202 956 2268 a
973 2201 1067 2267 l'etat
1083 2202 1226 2289 d’esprit
1243 2205 1288 2268 οὺ
1307 2201 1382 2267 doit
1398 2202 1469 2267 etre
1490 2200 1521 2266 le
1537 2200 1751 2288 philosophe
1767 2199 1829 2288 qui
1848 2213 1930 2266 veut
1947 2200 2048 2288 juger

713 2321 762 2388 les
780 2319 948 2407 opinions
965 2319 1025 2384 des
1041 2331 1172 2398 autres,
1190 2316 1354 2384 Thomas
1372 2338 1463 2383 nous
1484 2316 1514 2383 le
1534 2317 1676 2405 depeint
1692 2337 1833 2383 comme
1850 2315 1940 2383 celui
1960 2316 2045 2382 d’un

713 2438 793 2526 juge
809 2435 871 2522 qui
892 2434 1022 2501 entend
1044 2433 1092 2500 les
1114 2434 1251 2500 raisons
1270 2434 1331 2500 des
1351 2434 1443 2499 deux
1462 2432 1592 2520 parties
1611 2447 1644 2498 et
1663 2433 1730 2499 sait
1749 2454 1785 2499 se
1806 2432 1897 2499 tenir
1916 2454 1960 2499 en
1978 2433 2048 2500 etat

713 2555 754 2620 de
783 2553 889 2619 doute
912 2550 1071 2617 vis-a-vis
1094 2550 1153 2616 des
1170 2548 1296 2616 vetites
1320 2549 1562 2636 particulieres
1585 2549 1647 2636 qui
1669 2550 1888 2617 constituent
1909 2549 2047 2636 chaque

713 2669 861 2748 science,
889 2681 922 2733 et
949 2668 1065 2733 meme
1088 2666 1247 2733 vis-a-vis
1272 2667 1314 2732 de
1338 2666 1370 2732 la
1394 2666 1502 2734 verite
1525 2686 1569 2732 en
1596 2665 1735 2753 general
1764 2666 1824 2752 qui
1852 2680 1903 2732 est
1930 2666 2047 2753 l’objet

714 2786 756 2852 de
777 2785 809 2851 la
829 2782 1056 2871 philosophie
1076 2783 1249 2870 premiere
1267 2788 1291 2847 ³.

803 3060 953 3115 'Necesse
979 3071 1022 3114 est
1049 3057 1177 3130 accipere
1203 3057 1358 3130 opiniones
1389 3056 1581 3129 antiquorum
1613 3057 1796 3129 quicumque
1828 3056 1896 3113 sint.
1930 3058 1965 3113 Et
1991 3059 2047 3113 hoc

713 3149 833 3222 quidem
852 3149 887 3203 ad
906 3148 968 3204 duo
985 3148 1038 3203 erit
1056 3148 1135 3203 utile.
1156 3147 1264 3213 Primo,
1286 3146 1445 3218 quiaillud
1464 3146 1544 3217 quod
1564 3147 1601 3201 ab
1619 3147 1659 3202 eis
1680 3147 1752 3202 bene
1771 3146 1883 3202 dictum
1903 3160 1956 3213 est,
1976 3147 2048 3202 acci-

713 3239 826 3311 piemus
843 3239 871 3293 in
888 3237 1068 3307 adjutorium
1090 3249 1235 3293 nostrum.
1257 3235 1404 3301 Secundo,
1426 3235 1495 3307 quia
1514 3235 1586 3291 illud
1603 3236 1683 3307 quod
1706 3237 1780 3292 male
1794 3237 1984 3293 enunciatum
2005 3250 2048 3293 est

712 3328 890 3384 cavebimus.
909 3327 953 3381 De
967 3327 1089 3392 flnirna,
1107 3327 1155 3381 lib.
1175 3325 1196 3392 l,
1214 3327 1320 3391 lecta,
1339 3325 1445 3396 Opera,
1463 3336 1483 3380 t.
1501 3325 1606 3391 XXIV,
1624 3342 1653 3398 p.
1673 3342 1712 3381 ro.

800 3416 994 3487 ‘Adjuvatur
1016 3432 1094 3472 unus
1117 3416 1153 3470 ab
1175 3416 1264 3470 altero
1287 3414 1322 3469 ad
1346 3414 1610 3471 considerationem
1635 3415 1762 3471 veritatis
1787 3415 1951 3488 dupliciter.
1980 3417 2047 3472 Uno

713 3506 801 3561 modo
816 3506 932 3571 directe,
953 3506 1010 3560 alio
1031 3505 1120 3560 modo
1140 3504 1287 3559 indirecte.
1306 3504 1418 3559 Directe
1432 3504 1552 3575 quidem
1573 3504 1691 3574 juvatur
1705 3506 1741 3559 ab
1758 3505 1812 3560 hiis
1831 3506 1882 3577 qui
1898 3506 2046 3563 veritatem

713 3595 904 3659 invenerunt;
922 3595 1001 3666 quia,
1018 3595 1095 3650 sicut
1112 3593 1225 3648 dictum
1244 3604 1296 3659 est,
1317 3593 1389 3649 dum
1412 3594 1620 3665 unusquisque
1636 3595 1869 3666 praecedentium
1886 3595 1996 3667 aliquid
2012 3596 2048 3651 de

712 3684 829 3740 veritate
853 3685 972 3749 invenit,
997 3683 1085 3739 simul
1110 3683 1138 3737 in
1163 3698 1257 3739 unum
1281 3683 1448 3748 collectum,
1474 3684 1645 3755 posteriores
1669 3684 1829 3740 introducit
1850 3685 1886 3740 ad
1910 3701 2046 3756 magnam

711 3773 838 3829 veritatis
854 3773 1063 3844 cognitionem.
1087 3773 1227 3829 Indirecte
1242 3789 1320 3839 vero,
1341 3773 1519 3844 inquantum
1540 3774 1649 3846 priores
1664 3787 1790 3831 errantes
1807 3776 1883 3830 circa
1898 3775 2045 3831 veritatem

712 3863 923 3936 posterioribus
941 3862 1065 3918 exercitii
1080 3863 1264 3918 occasionem
1279 3863 1433 3927 dederunt,
1454 3876 1486 3919 ut
1504 3863 1634 3935 diligenti
1649 3864 1833 3920 discussione
1853 3865 1960 3932 habita,
1977 3865 2047 3921 veri-

712 3966 755 4008 tas
777 3952 927 4024 limpidius
942 3965 1099 4023 appareret.
1119 3952 1169 4009 Est
1188 3965 1286 4008 autem
1302 3952 1414 4022 justum
1433 3964 1465 4008 nt
1483 3953 1539 4019 his,
1555 3954 1665 4025 quibus
1680 3953 1771 4023 adjuti
1791 3971 1897 4010 sumus
1916 3956 1945 4010 in
1965 3967 2046 4010 tanto

713 4043 802 4107 bono,
818 4041 928 4097 scilicet
942 4042 1109 4111 cognitione
1123 4042 1260 4107 veritatis,
1276 4043 1381 4113 gratias
1396 4058 1528 4112 agamus.
1548 4043 1582 4099 Et
1597 4043 1661 4098 ideo
1676 4044 1747 4099 dicit
1761 4044 1950 4116 (Aristoteles)
1965 4044 2045 4116 quod

712 4130 825 4200 justum
843 4143 886 4187 est
905 4131 1027 4202 gratiam
1047 4132 1160 4197 habere,
1184 4148 1243 4187 non
1266 4133 1363 4187 solum
1384 4132 1439 4198 his,
1459 4148 1536 4203 quos
1553 4133 1621 4204 quis
1639 4133 1785 4189 existimat
1803 4134 1950 4190 veritatem
1970 4133 2047 4189 inve-

712 4221 799 4286 nisse,
824 4236 952 4292 quorum
977 4220 1169 4292 opinionibus
1191 4222 1297 4293 aliquis
1319 4222 1521 4278 communicat
1544 4223 1694 4294 sequendo
1717 4239 1783 4288 eas;
1808 4223 1857 4279 sed
1881 4225 1966 4280 etiam
1991 4224 2047 4279 illis

711 4310 762 4381 qui
779 4309 998 4381 superficialiter
1013 4310 1102 4366 locuti
1119 4322 1189 4366 sunt
1204 4311 1239 4366 ad
1256 4311 1404 4367 veritatem
1425 4311 1668 4383 investigandam,
1690 4313 1755 4369 licet
1774 4329 1876 4369 eorum
1892 4313 2047 4386 opiniones

712 4415 771 4454 non
788 4415 963 4470 sequamur;
981 4400 1050 4471 quia
1066 4400 1120 4455 ista
1135 4402 1220 4455 etiam
1236 4401 1346 4472 aliquid
1361 4401 1518 4457 conferunt
1533 4402 1628 4457 nobis.
1647 4403 1854 4459 Praestiterunt
1866 4404 1944 4459 enim
1961 4405 2047 4460 nobis

712 4487 863 4559 quoddam
884 4488 1052 4544 exercitium
1074 4489 1149 4544 circa
1170 4489 1391 4560 inquisitionem
1411 4491 1537 4546 veritatis
1541 4533 1594 4546 .....
1619 4492 1653 4547 Et
1673 4491 1805 4548 similiter
1824 4505 1867 4549 est
1887 4493 2045 4549 dicendum

711 4578 747 4633 de
771 4577 955 4650 philosophis
978 4579 1028 4650 qui
1052 4579 1278 4636 enuntiaverunt
1299 4580 1498 4636 universaliter
1522 4581 1668 4637 veritatem
1693 4598 1800 4638 rerum.
1823 4583 1845 4637 Α
1866 4583 2046 4655 quibusdam

711 4667 790 4722 enim
805 4667 1059 4740 praedecessorum
1080 4681 1248 4725 nostrorum
1267 4670 1434 4741 accepimus
1452 4671 1566 4741 aliquas
1580 4671 1735 4742 opiniones
1752 4672 1788 4727 de
1802 4674 1919 4729 veritate
1937 4689 2044 4737 rerum,

712 4757 741 4812 in
762 4758 872 4828 quibus
891 4757 1038 4813 credimus
1053 4774 1102 4812 eos
1119 4759 1191 4813 bene
1205 4758 1322 4824 dixisse,
1339 4759 1409 4815 alias
1429 4760 1584 4831 opiniones
1602 4762 1871 4833 praetermittentes.
1890 4763 1925 4818 Et
1940 4762 2044 4819 iterum

712 4846 763 4912 illi,
779 4847 920 4918 aquibus
940 4863 994 4902 nos
1014 4847 1191 4919 accepimus,
1213 4848 1387 4905 invenerunt
1406 4850 1521 4921 aliquos
1540 4850 1780 4922 praedecessores,
1802 4869 1818 4906 a
1838 4853 1948 4923 quibus
1967 4869 2046 4908 acce-

713 4947 827 5008 perunt,
854 4935 966 5007 quique
986 4936 1105 4994 luerunt
1124 4937 1164 4992 eis
1185 4954 1272 4993 causa
1293 4938 1504 4995 instructionis.
1529 4939 1729 5013 Metaplzysic.
1751 4941 1799 4996 lib.
1825 4941 1861 5008 ll,
1882 4942 1944 4998 lect.
1965 4959 1987 5008 1,
2009 4942 2044 4997 ad

713 5024 813 5090 linem,
830 5025 936 5096 Opera,
953 5038 973 5080 t.
993 5026 1095 5091 XXW,
1114 5042 1141 5098 p.
1158 5027 1220 5097 405.

801 5114 914 5170 ⁸Sicut
939 5114 966 5169 in
993 5115 1109 5185 judiciis
1135 5117 1235 5172 nullus
1262 5129 1357 5189 potest
1382 5118 1509 5186 judicare
1535 5118 1589 5174 nisi
1614 5119 1714 5176 audiat
1740 5121 1865 5176 rationes
1892 5121 2046 5193 utriusque
