4872 6552
535 2276 617 2359 [57‘3
639 2276 751 2358 colb]
776 2276 880 2359 [Tlria
901 2277 1109 2340 discucienda
1134 2297 1188 2359 per
1209 2277 1357 2340 ordinem
1383 2278 1609 2360 proponimus.
1638 2278 1785 2340 Primum

453 2396 512 2459 est,
529 2397 638 2447 utrum
658 2385 818 2448 terminus
836 2384 1024 2447 communis
1043 2384 1200 2466 significet
1220 2384 1445 2447 uniuersaliter
1458 2398 1651 2468 conceptum
1669 2385 1787 2447 mentis

454 2493 536 2553 sicut
568 2490 702 2573 quidam
739 2490 868 2554 uolunt.
905 2490 1093 2554 Secundum
1124 2504 1185 2565 est,
1224 2506 1332 2554 utrum
1370 2491 1596 2555 uniuersaliter
1630 2490 1788 2573 significet

454 2596 593 2660 sormam
610 2598 692 2661 sicut
708 2598 794 2680 plato
811 2598 927 2674 uoluit,
941 2597 992 2661 uel
1008 2612 1039 2661 et
1053 2611 1270 2681 aggregatum.
1285 2598 1439 2661 Tertium
1455 2612 1512 2673 est,
1528 2612 1637 2662 utrum
1654 2599 1786 2661 materia

455 2725 508 2788 per
523 2706 700 2769 terminum
717 2725 928 2769 communem
946 2706 986 2769 sit
1000 2705 1233 2787 significabilis¹

1101 3025 1139 3109 ll]

531 3241 582 3303 Ad
607 3242 749 3324 primum
773 3242 819 3304 sic
842 3241 1033 3324 proceditur.
1061 3241 1143 3305 lllud
1166 3240 1255 3324 quod
1279 3261 1344 3304 non
1369 3241 1499 3305 haberet
1519 3261 1586 3305 esse
1609 3243 1670 3303 nisi
1695 3261 1787 3305 mens

451 3362 544 3424 esset,
560 3348 599 3410 ad
620 3362 811 3431 conceptum
835 3350 952 3412 mentis
972 3349 1119 3431 pertinet,
1136 3368 1191 3410 seu
1211 3361 1259 3412 est
1279 3349 1397 3411 mentis
1415 3362 1600 3431 conceptus.
1622 3347 1683 3411 Sed
1706 3347 1787 3411 illud

451 3454 539 3538 quod
555 3455 755 3536 significatur
768 3474 822 3537 per
834 3457 1011 3517 terminum
1027 3474 1240 3518 communem
1259 3474 1324 3518 non
1342 3454 1472 3519 haberet
1486 3475 1565 3531 esse,
1580 3469 1614 3520 ut
1629 3456 1786 3539 signatur,

451 3583 506 3625 seu
527 3562 738 3644 significatur,
760 3562 828 3644 [58r
843 3561 904 3624 col.
922 3561 952 3643 a]
975 3563 1036 3624 nisi
1059 3582 1151 3623 mens
1170 3578 1262 3625 esset.
1286 3561 1368 3644 Ergo
1388 3561 1468 3625 illud
1484 3562 1571 3644 quod
1588 3562 1788 3645 significatur
1820 3594 1848 3625 ιο

452 3690 507 3752 per
538 3672 716 3733 terminum
750 3688 961 3732 communem
995 3682 1042 3732 est
1075 3670 1194 3731 mentis
1226 3684 1400 3751 conceptus
1433 3683 1573 3733 tantum.
1608 3670 1714 3733 Maior
1740 3683 1788 3733 est

451 3775 596 3840 euidens.
628 3776 738 3839 Minor
765 3796 841 3840 uero
870 3777 915 3839 sic
944 3789 1039 3858 patet.
1070 3777 1155 3857 Quia
1182 3776 1269 3859 quod
1299 3776 1499 3859 significatur
1528 3796 1582 3860 per
1608 3778 1786 3840 terminum

352 3923 356 3927 -
450 3903 661 3946 communem
690 3883 890 3966 significatur
913 3883 1068 3946 abstracte
1092 3884 1133 3946 ab
1160 3883 1445 3946 indiuiduantibus
1473 3884 1640 3967 principiis
1663 3897 1694 3947 et
1717 3886 1788 3947 sine

452 3991 527 4054 illis.
556 3990 779 4073 Significatum
807 4004 915 4053 autem
943 4008 998 4072 per
1022 3991 1200 4053 terminum
1228 4010 1440 4053 communem
1469 4010 1536 4053 non
1564 3991 1695 4055 haberet
1720 4011 1788 4055 esse

451 4100 521 4161 sine
537 4098 733 4161 indiuiduali
751 4098 882 4161 materia
897 4110 927 4160 et
942 4098 1023 4160 sicut
1039 4097 1249 4179 significatur,
1267 4098 1328 4160 nisi
1346 4118 1439 4160 mens
1454 4112 1546 4172 esset,
1563 4118 1638 4161 cum
1658 4111 1786 4161 tantum
1820 4117 1848 4161 15

451 4206 496 4267 sic
512 4204 720 4287 intelligatur.
738 4204 791 4267 Sic
806 4217 914 4267 autem
932 4224 997 4267 non
1015 4205 1056 4267 sit
1071 4205 1103 4266 in
1121 4224 1227 4268 rerum
1246 4218 1371 4267 natura.
1391 4204 1473 4287 Ergo
1493 4204 1710 4287 significatum
1734 4225 1788 4287 per

450 4314 627 4375 terminum
648 4330 859 4375 communem
883 4331 948 4374 non
970 4324 1052 4374 esset
1067 4324 1101 4375 ut
1117 4312 1316 4394 significatur
1336 4312 1397 4373 nisi
1420 4331 1513 4375 mens
1532 4325 1624 4375 esset.

533 4419 675 4483 Preterea
695 4420 854 4482 terminus
873 4419 1062 4481 communis
1082 4418 1241 4501 significat
1261 4418 1445 4482 uniuersale
1461 4418 1512 4482 uel
1529 4418 1713 4482 uniuersale
1727 4432 1785 4482 est.

451 4526 513 4590 Sed
530 4525 714 4589 uniuersale
729 4539 764 4588 ut
780 4524 963 4588 uniuersale
977 4539 1024 4588 est
1040 4527 1158 4589 mentis
1177 4539 1351 4607 conceptus
1366 4539 1506 4589 tantum.
1530 4526 1612 4609 Ergo
1627 4527 1787 4589 terminus

449 4635 637 4697 communis
666 4632 825 4715 significat
854 4634 972 4696 mentis
1000 4647 1192 4716 conceptum
1222 4647 1362 4697 tantum.
1390 4633 1494 4696 Maior
1522 4634 1568 4695 sic
1595 4633 1785 4696 declaratur.
1817 4663 1849 4694 πο

450 4741 629 4803 Terminus
645 4760 711 4803 non
728 4740 846 4803 dicitur
859 4742 1048 4804 communis
1069 4741 1131 4802 nisi
1151 4760 1168 4802 a
1189 4739 1415 4823 significando,
1431 4759 1469 4803 eo
1488 4740 1576 4822 quod
1597 4739 1678 4802 illud
1698 4742 1786 4824 quod

450 4846 609 4930 significat
623 4862 670 4911 est
685 4866 861 4911 commune
877 4860 912 4910 ut
926 4866 1115 4910 commune.
1133 4845 1166 4910 Si
1183 4848 1271 4910 enim
1289 4848 1448 4910 terminus
1463 4847 1651 4909 communis
1666 4847 1788 4930 signifi-

449 4968 533 5018 caret
550 4954 631 5018 illud
646 4955 734 5039 quod
749 4968 797 5018 est
808 4974 986 5018 commune
998 4969 1028 5019 et
1044 4974 1110 5018 non
1127 4953 1321 5037 significaret
1336 4955 1445 5036 ipsum
1462 4966 1497 5016 ut
1509 4972 1699 5030 commune,
1710 4973 1786 5017 cum

452 5061 533 5125 illud
553 5062 641 5145 quod
662 5075 709 5125 est
727 5082 904 5125 commune
924 5063 965 5124 sit
985 5062 1160 5125 discretum
1181 5074 1212 5124 et
1231 5061 1406 5145 singulare,
1422 5061 1524 5124 eciam
1545 5061 1704 5123 terminus
1726 5060 1788 5125 hoc

452 5168 640 5256 significans
660 5189 726 5232 non
748 5169 821 5254 plus
836 5169 994 5232 diceretur
1012 5170 1200 5232 communis
1218 5189 1318 5256 quam
1339 5167 1525 5255 singularis2
1542 5187 1596 5231 seu
1617 5167 1784 5234 discretus.
1816 5187 1847 5234 25
