4872 6552
1237 913 1442 977 ..90-

672 1094 708 1144 ut
733 1081 875 1158 habitus,
903 1080 1078 1145 dicendum
1105 1094 1216 1146 contra
1242 1082 1287 1144 sic
1314 1081 1502 1157 instantem,
1528 1081 1617 1164 quod
1643 1081 1730 1164 apud
1759 1096 1866 1147 actum
1897 1094 2007 1145 manet

672 1188 815 1265 habitus,
840 1200 876 1253 ut
898 1188 985 1272 apud
1010 1189 1212 1252 considerare
1237 1202 1347 1252 manet
1370 1188 1506 1252 sciencia
1529 1190 1553 1265 ¹,
1576 1188 1649 1252 licet
1673 1208 1740 1252 non
1770 1208 1896 1272 semper
1918 1189 2005 1272 apud

672 1296 820 1359 habiturn
850 1309 980 1360 maneat
1002 1309 1092 1360 actus
1100 1317 1110 1374 ;
1139 1311 1170 1360 et
1197 1296 1282 1372 iden,
1310 1315 1376 1359 non
1404 1295 1510 1360 solum
1539 1297 1573 1358 in
1600 1316 1741 1380 sompno
1765 1296 1820 1360 sed
1844 1297 1945 1359 eciam
1970 1297 2006 1359 in

671 1402 796 1486 uigilia,
818 1404 930 1467 anima
954 1408 1083 1486 potest²
1103 1404 1166 1467 dici
1189 1417 1279 1467 actus
1301 1401 1476 1467 habitualis
1496 1405 1640 1486 corporis
1648 1424 1658 1481 3
1679 1416 1709 1468 et
1732 1423 1807 1468 cum
1831 1404 1943 1467 anima
1966 1404 2007 1467 sit

627 1528 642 1574 5
670 1525 760 1575 actus
781 1511 923 1594 corporis
945 1523 982 1573 ut
1003 1510 1145 1587 habitus,
1168 1523 1204 1575 ut
1224 1525 1392 1575 ostensum
1414 1525 1473 1588 est,
1497 1510 1627 1575 habitus
1647 1524 1757 1575 autem
1779 1511 1893 1575 ordine
1912 1530 2006 1594 gene-

671 1619 811 1681 racionis
827 1618 1015 1682 naturaliter
1029 1620 1150 1702 priores
1167 1631 1244 1682 sunt
1262 1618 1399 1695 actibus,
1415 1632 1452 1683 ut
1473 1619 1562 1702 prius
1576 1622 1650 1683 est⁸
1670 1620 1763 1682 uisus
1776 1638 1875 1702 quam
1896 1618 2006 1682 uidere

671 1738 701 1788 et
720 1724 850 1789 auditus
870 1746 969 1809 quarn
989 1726 1113 1802 audire,
1131 1725 1209 1789 hinc
1228 1739 1275 1790 est
1293 1726 1381 1810 quod
1401 1726 1524 1803 anima,
1544 1745 1620 1789 cum
1640 1727 1681 1790 sit
1699 1738 1789 1790 actus
1808 1727 1951 1809 corporis
1971 1739 2007 1789 ut

671 1832 814 1909 habitus,
830 1833 918 1916 quod
938 1834 1007 1917 ipsa
1027 1835 1067 1897 sit
1086 1846 1176 1897 actus
1197 1835 1339 1916 corporis
1352 1836 1366 1876 ⁴
1381 1835 1519 1916 primus,
1538 1853 1605 1897 non
1627 1833 1790 1898 secundus
1809 1834 1892 1897 sicut
1910 1852 2006 1916 opera

672 1941 748 2002 uite.
776 1940 921 2004 Maxime
945 1954 1054 2005 autem
1081 1960 1194 2004 verum
1219 1953 1266 2006 est
1290 1942 1323 2003 in
1348 1941 1514 2004 habitibus
1540 1941 1744 2005 naturalibus
1769 1941 1857 2025 quod
1885 1941 2006 2023 priores

613 2079 643 2110 10
671 2059 749 2112 sunt
762 2047 887 2111 actibus
901 2068 977 2112 cum
993 2068 1032 2112 ex
1050 2049 1096 2112 eis
1117 2067 1183 2112 non
1198 2061 1382 2112 causentur.
1400 2048 1540 2113 Habitus
1554 2050 1643 2113 enim
1663 2048 1812 2133 acquisiti
1831 2060 2006 2112 causantur

671 2174 709 2218 ex
737 2155 873 2232 actibus,
903 2168 939 2220 ut
965 2175 1017 2219 ars
1044 2155 1254 2220 citharisandi
1280 2175 1318 2219 ex
1343 2156 1541 2233 citharisare,
1568 2157 1810 2240 propterquod
1838 2168 1929 2220 actus
1957 2155 2004 2217 illi

670 2263 815 2346 quodam
837 2262 936 2327 modo
957 2264 1077 2346 priores
1096 2266 1200 2328 sunt⁶
1221 2263 1399 2327 habitibus.
1420 2264 1543 2327 Anima
1565 2276 1674 2328 autem
1694 2264 1827 2327 habitus
1846 2276 1893 2327 est
1912 2275 2006 2326 natu-

671 2369 758 2445 ralis,
781 2390 848 2434 non
867 2371 1057 2454 acquisitus,
1078 2384 1206 2454 propter
1224 2371 1312 2454 quod
1332 2371 1521 2454 simpliciter
1539 2385 1586 2436 est
1599 2384 1690 2436 actus
1707 2372 1851 2454 corporis
1866 2372 2003 2455 primus.

672 2477 711 2542 Et
731 2478 964 2542 attendendum
987 2479 1075 2562 quod
1099 2478 1173 2543 licet
1197 2479 1309 2542 anima
1334 2479 1514 2542 secundum
1539 2480 1722 2562 potenciam
1747 2481 1816 2542 eius
1840 2477 2003 2542 senciendi

613 2604 641 2649 15
671 2585 873 2668 intelligendi
894 2600 924 2649 et
945 2586 1100 2649 mouendi
1123 2586 1309 2650 inveniatur
1330 2605 1398 2649 esse
1419 2600 1509 2649 actus
1530 2588 1672 2669 corporis
1696 2588 1730 2649 in
1754 2585 1882 2662 habitu,
1902 2587 1972 2649 siue
1992 2588 2006 2628 ⁶

671 2693 704 2754 in
731 2694 934 2776 operacione,
961 2707 1071 2757 tamen
1100 2695 1211 2757 anima
1240 2694 1432 2777 uegetatiua,
1458 2693 1552 2757 cuius
1578 2713 1661 2777 opus
1689 2707 1737 2757 est
1761 2694 1807 2757 uti
1834 2693 2004 2770 alimento,

671 2820 797 2883 semper
812 2802 980 2864 inuenitur
994 2821 1062 2865 esse
1076 2814 1165 2865 actus
1180 2802 1323 2885 corporis
1342 2802 1522 2864 secundum
1540 2814 1737 2884 postremam
1757 2796 2004 2884 perfossionem,

670 2926 745 2970 cum
762 2927 888 2991 semper
902 2921 1051 2991 operetur
1066 2909 1099 2971 in
1116 2928 1255 2992 sompno
1270 2921 1301 2972 et
1315 2909 1349 2970 in
1365 2907 1487 2991 uigilia.

751 3016 905 3079 Terciurn
921 3017 967 3079 sic
980 3015 1160 3080 declaratur
1176 3036 1183 3078 :
1201 3014 1316 3079 Differt
1335 3015 1440 3079 forma
1455 3015 1598 3098 corporis
1613 3015 1770 3078 naturalis
1784 3018 1796 3057 ⁷
1812 3028 1843 3079 et
1861 3015 2005 3099 corporis

609 3155 642 3187 20
670 3123 856 3187 artificialis.
886 3123 1004 3187 Forma
1029 3124 1116 3186 enim
1144 3124 1286 3206 corporis
1312 3122 1488 3186 artificialis
1512 3123 1661 3186 accidens
1684 3135 1742 3199 est,
1769 3124 1846 3206 quia
1871 3123 2006 3187 aduenit

598 3316 601 3321 y
670 3232 767 3294 alicui
790 3231 1011 3307 substanciess,
1035 3233 1100 3294 iam
1122 3233 1269 3294 existenti
1295 3233 1329 3294 in
1350 3245 1423 3294 actu
1448 3249 1503 3313 per
1528 3242 1676 3293 naturam
1700 3244 1735 3294 ut
1756 3230 1846 3314 ligno
1860 3233 1885 3308 ⁹,
1907 3229 2003 3306 ferro,

671 3338 722 3402 uel
745 3352 888 3422 argentm
903 3339 997 3401 cuius
1019 3339 1149 3421 signum
1172 3350 1220 3401 est
1240 3338 1341 3422 quod,
1357 3338 1462 3402 ablata
1485 3336 1591 3401 forma
1606 3340 1631 3381 ¹⁰
1651 3337 1809 3401 artificiali
1832 3358 1850 3400 a
1871 3357 2005 3421 corpore

669 3446 841 3521 artificiali,
856 3445 965 3510 adhuc
984 3445 1065 3509 illud
1085 3466 1202 3529 corpus
1222 3447 1337 3510 retinet
1359 3466 1479 3509 nomen
1500 3459 1531 3509 et
1549 3444 1784 3509 diffinicionem
1805 3444 1893 3528 quod
1915 3446 2004 3529 prius

670 3554 820 3631 habebat,
836 3553 1017 3617 secundum
1040 3553 1127 3637 quod
1148 3568 1214 3617 erat
1236 3553 1447 3616 indiuiduum
1468 3554 1669 3628 substancie,
1686 3566 1723 3617 ut
1740 3553 1846 3617 ablata
1868 3554 2004 3616 acuitate

609 3682 640 3725 25
670 3682 688 3724 a
707 3661 854 3738 dolobra,
872 3663 976 3744 posito
995 3661 1083 3745 quod
1104 3662 1145 3724 sit
1160 3664 1185 3704 ¹¹
1199 3661 1268 3724 eius
1288 3661 1394 3725 forma
1412 3660 1600 3736 artificialis,
1616 3659 1704 3744 quod
1722 3674 1866 3724 remanet
1881 3659 2002 3724 ferrum

669 3789 745 3833 curn
762 3771 787 3812 1²
802 3770 937 3832 nomine
958 3770 1101 3833 vniuoco
1122 3783 1153 3832 et
1173 3770 1313 3833 vniuoca
1335 3767 1538 3832 diffinicione
1559 3770 1642 3831 sicut
1664 3770 1765 3851 prim,
1781 3768 1869 3851 quod
1894 3781 2002 3831 tamen

671 3897 738 3940 non
750 3878 962 3959 contingeret,
975 3877 1001 3940 si
1015 3875 1121 3940 forma
1133 3878 1276 3960 corporis
1286 3875 1461 3940 artificialis
1471 3889 1553 3940 esset
1564 3876 1749 3940 substancia
1762 3895 1828 3939 non
1842 3875 2001 3939 accidens.

670 3984 768 4047 Nunc
782 3997 889 4048 autem
907 3987 944 4060 ¹³,
959 3983 1066 4048 ablata
1085 3985 1196 4047 anima
1215 4003 1233 4046 a
1248 4002 1380 4066 corpore
1395 3984 1483 4067 quod
1499 3996 1643 4047 remanet
1663 4003 1730 4046 non
1751 3984 1864 4047 retinet
1881 4002 2002 4045 nomen

669 4106 700 4155 et
714 4090 951 4155 diffinicionem
967 4112 1066 4175 quam
1085 4093 1173 4175 prius
1188 4090 1338 4155 habebat.
1354 4091 1437 4174 Ergo
1449 4092 1560 4154 anima
1571 4104 1619 4155 est
1634 4090 1739 4155 forma
1754 4104 1790 4154 ut
1804 4091 2002 4167 substancia,

609 4219 641 4263 30
671 4219 738 4263 non
759 4213 796 4263 ut
814 4200 972 4263 accidens.
996 4199 1086 4263 Esset
1103 4212 1212 4263 autem
1234 4197 1338 4262 forma
1361 4213 1396 4262 ut
1417 4198 1566 4262 accidens
1587 4200 1613 4261 si
1635 4212 1717 4262 esset
1735 4197 1842 4262 forma
1860 4199 2003 4281 corporis

669 4306 856 4371 artificialis.
875 4307 931 4370 Est
950 4308 1046 4391 igitur
1060 4310 1085 4351 ¹⁴
1106 4320 1208 4384 actus,
1224 4306 1329 4371 forma
1349 4326 1404 4370 seu
1426 4305 1581 4390 perfeccio
1600 4307 1743 4389 corporis
1762 4305 1930 4383 naturalis,
1947 4324 2002 4368 seu

669 4416 813 4498 corporis
827 4416 991 4479 constituti
1009 4434 1064 4498 per
1078 4428 1240 4479 naturam.

750 4522 911 4602 Quartum
934 4524 980 4585 sic
1000 4522 1189 4587 declaratur.
1207 4522 1282 4586 Non
1305 4522 1447 4606 quelibet
1468 4542 1519 4585 ars
1541 4522 1642 4584 utitur
1662 4521 1862 4606 quibuslibet
1885 4522 2003 4584 instru-

671 4631 801 4708 mentiS,
822 4630 876 4695 sed
896 4631 1118 4695 determinatis
1136 4643 1167 4696 et
1186 4631 1363 4714 dispositis,
1383 4642 1414 4694 et
1434 4631 1608 4714 preparatis
1627 4630 1667 4693 ad
1687 4649 1784 4713 opera
1804 4630 1892 4693 illius
1912 4630 2000 4693 artis.

750 4911 760 4944 ¹
775 4913 795 4966 P
807 4938 843 4957 =
855 4911 1039 4967 consciencia
1052 4923 1160 4967 manet.
1172 4942 1206 4951 -
1220 4910 1231 4943 '
1244 4911 1268 4964 V
1280 4911 1315 4982 -Ι-
1328 4910 1426 4965 anima
1440 4921 1544 4983 potest.
1561 4940 1595 4949 —
1610 4909 1622 4942 ⁸
1638 4910 1659 4964 Ρ
1673 4940 1708 4950 -
1725 4926 1747 4964 1.
1764 4940 1799 4950 —
1813 4908 1825 4942 ⁴
1839 4908 1863 4961 V
1877 4939 1911 4949 —
1927 4926 1952 4980 7.
1967 4941 2001 4949 -

669 5002 681 5034 ⁶
696 5002 719 5055 V
732 5028 768 5047 =
783 5014 853 5057 sunt
875 5002 993 5074 priores.
1015 5032 1049 5040 —
1071 5000 1083 5034 ⁸
1103 5001 1176 5053 V:
1190 5017 1251 5056 seu.
1267 5032 1301 5041 —
1323 5000 1334 5033 ³
1356 5001 1426 5053 V=
1441 4999 1606 5055 materialis.
1621 5031 1656 5040 -
1677 4998 1689 5031 ⁸
1709 4999 1732 5052 V
1751 5025 1788 5045 =
1802 5000 1945 5055 subiecto
1968 5030 2001 5039 -

669 5091 681 5123 ⁹
696 5093 717 5146 P
732 5095 766 5161 †
781 5093 838 5146 uel.
851 5124 883 5131 -
900 5090 922 5123 ¹⁰
935 5090 1002 5163 V-l-
1017 5090 1187 5151 accidentali
1202 5090 1274 5151 siue.
1289 5122 1323 5137 ,-
1338 5089 1359 5122 ¹¹
1373 5092 1394 5152 P
1407 5121 1442 5130 —
1456 5107 1477 5149 r.
1491 5121 1524 5133 -
1538 5088 1638 5152 ¹¹1³:
1651 5100 1806 5153 tamen—
1820 5089 1918 5147 ¹⁸V-
1933 5105 1955 5146 1.
1968 5119 2001 5135 -·

671 5181 693 5217 u
708 5182 728 5239 p
741 5213 775 5219 -
792 5198 814 5241 1,
