4880 6546
1617 921 1730 981 dc'aitin

489 1090 654 1175 Haureau
683 1129 703 1175 a
732 1104 927 1195 rappt‘oche
956 1108 999 1173 de
1026 1106 1113 1173 trois
1139 1106 1200 1173 des
1225 1106 1466 1194 propositions
1491 1107 1731 1174 condamnees

397 1243 440 1289 en
467 1244 548 1311 ¹277
568 1223 740 1311 quelques
760 1237 880 1291 courts
900 1244 1064 1311 passages
1083 1224 1126 1289 de
1147 1224 1254 1290 Boece
1274 1224 1316 1289 de
1338 1223 1483 1290 Dacie1.
1503 1224 1550 1290 Ce
1570 1237 1652 1290 sont
1670 1223 1732 1289 des

397 1339 517 1426 points
533 1340 768 1419 secondaires,
788 1340 878 1407 mais
897 1339 939 1407 ils
955 1338 1119 1406 verifient
1139 1360 1177 1406 ce
1198 1360 1268 1427 que
1285 1339 1355 1406 l'on
1377 1339 1521 1427 pouvait
1540 1339 1733 1427 pressentir

397 1454 486 1541 deii,
504 1477 573 1543 que
592 1457 699 1523 Boece
720 1477 756 1523 se
773 1456 934 1523 mouvait
953 1456 1042 1522 dans
1064 1454 1093 1522 le
1115 1456 1231 1522 meme
1247 1455 1358 1523 cercle
1375 1455 1504 1522 d’idees
1523 1462 1733 1523 averro't'stes

397 1592 467 1657 que
493 1571 591 1660 Siger
616 1573 659 1639 de
686 1574 852 1640 Brabant.
881 1572 937 1638 On
966 1593 985 1638 a
1011 1571 1113 1660 peine
1139 1573 1159 1638 a
1184 1572 1419 1660 comprendre
1445 1572 1608 1660 qu'apres
1633 1572 1733 1640 avoir

397 1685 460 1753 fait
476 1702 563 1755 cette
579 1689 828 1768 constatation,
849 1688 1014 1755 Haureau
1035 1687 1119 1754 n’ait
1139 1709 1212 1755 non
1233 1688 1430 1755 seulement
1447 1710 1508 1776 pas
1525 1676 1732 1776 soupqdnne

398 1826 447 1871 un
471 1812 663 1872 averroiste
685 1806 775 1872 dans
801 1805 909 1872 Boece
934 1805 976 1872 de
1001 1805 1119 1885 Dacie,
1148 1804 1238 1871 mais
1263 1806 1313 1871 ait
1339 1806 1456 1872 meme
1482 1805 1733 1893 positivement

397 1921 534 1988 declara
554 1921 585 1988 le
605 1920 782 1989 contraire
799 1927 823 1986 ².

487 2038 552 2104 Ces
590 2038 740 2127 maigres
777 2037 1080 2125 renseignements
1115 2057 1178 2104 sur
1213 2037 1376 2105 l'activite
1415 2038 1581 2106 litteraire
1615 2054 1648 2105 et
1684 2039 1733 2105 les

397 2153 575 2221 doctrines
592 2155 634 2221 de
654 2155 761 2221 Boece
783 2175 826 2220 ne
847 2175 938 2220 nous
960 2168 1171 2241 permettent
1190 2175 1232 2219 en
1254 2175 1393 2222 aucune
1414 2153 1516 2240 sapon
1535 2157 1577 2221 de
1593 2155 1734 2222 virifier

398 2269 430 2336 la
449 2270 665 2337 declaration
686 2271 734 2336 du
757 2268 955 2336 manuscrit
974 2270 1061 2336 latin
1087 2270 1129 2336 de
1155 2270 1185 2336 la
1208 2269 1454 2358 Bibliotheque
1479 2271 1666 2339 Nationale
1690 2273 1733 2339 de

398 2387 497 2453 Paris
523 2387 660 2474 d'apres
689 2386 839 2474 laquelle
866 2387 974 2453 Boece
1000 2385 1041 2451 de
1070 2384 1175 2453 Dacie
1201 2386 1307 2453 serait
1332 2386 1362 2452 le
1388 2386 1562 2474 principal
1592 2386 1733 2454 fauteur

396 2503 458 2569 des
485 2502 638 2569 theories
661 2501 901 2569 condamnees
926 2523 969 2568 en
1000 2523 1081 2587 ¹277
1098 2506 1122 2566 ³.
1152 2502 1178 2567 ll
1204 2502 1292 2568 n'est
1317 2523 1379 2590 pas
1405 2502 1561 2570 douteux
1585 2525 1627 2570 en
1656 2518 1732 2571 tout

397 2641 468 2699 cas,
496 2619 582 2707 qu'il
613 2619 698 2685 n'ait
724 2617 776 2684 ete
801 2638 884 2685 avec
911 2617 1010 2705 Siger
1034 2618 1077 2684 de
1104 2619 1259 2684 Brabant
1285 2618 1315 2684 le
1343 2618 1424 2705 plus
1452 2634 1644 2707 marquant
1671 2620 1732 2687 des

398 2735 571 2822 inculpes.
604 2735 724 2817 Quant
754 2735 774 2800 a
804 2755 867 2800 son
902 2734 1122 2821 importance
1154 2733 1449 2822 philosophique,
1481 2756 1528 2802 on
1560 2749 1656 2823 peut,
1687 2757 1730 2803 en

398 2851 570 2919 l'absence
593 2852 700 2918 d'une
725 2848 979 2918 connaissance
1006 2849 1154 2937 positive
1182 2851 1225 2917 de
1253 2870 1307 2917 ses
1332 2850 1449 2930 ecrits,
1477 2851 1619 2918 induire
1644 2851 1730 2939 qu'il

486 3135 596 3192 ¹V0ici
623 3137 662 3191 les
685 3134 885 3207 propositions
910 3133 990 3205 (edit.
1017 3133 1058 3188 du
1083 3132 1186 3188 Citari.
1216 3133 1302 3189 Univ.
1328 3134 1452 3203 Paris.‚)
1479 3148 1507 3191 et
1532 3137 1571 3191 les
1598 3152 1732 3208 passages

398 3225 548 3298 respectiis
564 3241 571 3281 ε
589 3227 674 3296 Prop.
694 3225 756 3279 215.
771 3224 859 3294 Quod
878 3224 914 3278 de
930 3224 991 3278 Deo
1007 3240 1065 3279 non
1081 3235 1179 3294 potest
1192 3224 1339 3295 cognosci,
1360 3223 1415 3280 nisi
1435 3225 1504 3296 quia
1525 3225 1585 3297 ipse
1603 3238 1656 3291 est,
1674 3226 1733 3281 sive

398 3317 496 3388 ipsum
512 3331 582 3371 esse.
598 3341 634 3359 --m
649 3315 739 3369 Boece
754 3329 760 3368 ε
778 3313 853 3382 Quia
869 3313 947 3369 Deus
964 3313 1086 3385 perfecte
1102 3329 1162 3368 non
1179 3326 1275 3385 potest
1289 3313 1409 3386 intelligi
1424 3331 1441 3368 a
1456 3314 1551 3381 nobis,
1569 3332 1618 3387 per
1632 3331 1733 3370 conse·

397 3422 491 3477 quens
512 3420 571 3459 non
593 3416 686 3476 potest
704 3402 827 3459 definiri.
850 3403 904 3458 Ms.
929 3402 1023 3475 16170,
1046 3402 1065 3457 f.
1086 3404 1129 3474 59,
1151 3404 1207 3458 col.
1231 3420 1253 3457 ι.
1277 3404 1329 3458 Les
1349 3402 1425 3459 deux
1446 3404 1645 3475 propositions
1665 3415 1733 3459 sont

398 3497 454 3550 tres
478 3496 668 3566 prochement
690 3493 887 3564 apparentees,
913 3492 985 3547 mais
1007 3509 1042 3547 ne
1063 3505 1130 3548 sont
1155 3508 1206 3564 pas
1225 3492 1399 3564 identiques.
1417 3495 1502 3565 Prop.
1527 3510 1571 3565 7¹·
1593 3493 1680 3563 Quod
1702 3493 1731 3548 in

398 3583 570 3639 substantiis
591 3581 729 3654 separatis
750 3582 832 3637 nulla
851 3592 894 3636 est
914 3581 1062 3653 possibilis
1082 3581 1307 3645 transmutatio;
1331 3598 1383 3637 nec
1403 3593 1474 3637 sunt
1496 3582 1525 3637 in
1547 3582 1676 3654 potentia
1696 3582 1732 3637 ad

397 3672 519 3744 aliquid,
536 3672 605 3744 quia
618 3683 714 3727 eterne
731 3683 759 3727 et
777 3671 926 3725 immunes
944 3683 1013 3726 sunt
1030 3687 1047 3724 a
1066 3670 1193 3725 materia.
1208 3696 1244 3715 τ-
1258 3671 1348 3725 Boece
1363 3686 1369 3725 :
1385 3671 1493 3726 Omnia
1510 3688 1568 3741 que
1586 3684 1733 3727 transmu-

397 3774 506 3828 tantur,
524 3761 673 3816 materiam
688 3761 829 3815 habent...
845 3759 1015 3815 Substantia
1031 3772 1159 3832 separata
1173 3760 1281 3815 dicitur
1298 3760 1368 3831 quia
1386 3760 1536 3815 materiam
1556 3776 1614 3815 non
1635 3754 1730 3816 hab‘et.

399 3851 483 3922 Ergo
504 3851 535 3905 L.
551 3867 577 3906 c.
598 3850 616 3904 f.
632 3850 676 3916 68,
692 3851 747 3905 col.
767 3866 788 3904 r.
810 3850 895 3921 Prop.
916 3849 972 3920 139.
989 3849 1077 3919 Quod
1096 3850 1231 3905 accidens
1245 3849 1371 3905 existens
1386 3849 1449 3904 sine
1467 3849 1600 3919 subjecto
1614 3865 1673 3904 non
1689 3862 1732 3905 est

397 3939 542 4007 accidens,
565 3939 620 3994 nisi
640 3939 797 4010 equivoee;
817 3949 845 3993 et
862 3937 943 4008 quod
963 3938 1145 4009 impossibile
1164 3952 1207 3994 est
1225 3939 1420 4009 quantitatem
1439 3939 1499 3993 sive
1516 3938 1731 3995 dimensionem

397 4045 457 4085 esse
478 4044 527 4101 per
547 4043 593 4092 se;
617 4030 672 4083 hoc
693 4027 770 4082 enim
792 4038 867 4082 esset
887 4026 980 4097 ipsam
1002 4042 1064 4081 esse
1084 4028 1341 4084 substantiam:
1356 4028 1468 4084 Βοὲεεῑ
1489 4027 1632 4083 Accidens
1653 4027 1681 4082 in
1703 4043 1733 4082 se

398 4134 482 4173 suam
509 4117 647 4172 fixionem
674 4132 733 4172 non
761 4115 862 4177 baben
890 4131 920 4170 se
946 4114 1039 4171 inesse
1064 4115 1207 4187 significat
1234 4133 1281 4189 per
1310 4133 1398 4173 suum
1427 4116 1604 4185 subjectum.
1636 4118 1732 4185 Quare

398 4207 521 4279 separari
548 4223 608 4261 non
635 4218 748 4278 potest;
777 4203 848 4259 illud
875 4204 953 4259 enim
982 4205 1105 4276 separari
1133 4222 1193 4261 non
1221 4217 1316 4278 potest
1342 4206 1428 4276 cujus
1455 4205 1579 4278 separari
1602 4217 1645 4261 est
1668 4205 1731 4275 ejus
1802 4259 1806 4267 ,
1887 4251 1892 4262 .

397 4296 557 4368 corrumpi.
579 4296 610 4350 L.
630 4311 655 4350 c.
678 4295 727 4349 sol.
747 4292 792 4359 68,
814 4295 869 4348 col.
892 4310 917 4348 2.
939 4294 1074 4350 Haureau
1095 4311 1177 4350 nese
1196 4296 1265 4351 rend
1285 4312 1336 4368 pas
1355 4308 1473 4368 compte
1491 4295 1638 4368 pourquoi
1658 4306 1733 4350 cette

397 4385 525 4441 derniere
544 4384 722 4457 proposition
742 4383 787 4438 fut
804 4381 995 4438 condamnee.
1016 4384 1091 4439 C’est
1112 4400 1195 4456 parce
1214 4386 1318 4456 qu’elle
1339 4385 1410 4440 niait
1429 4386 1455 4440 la
1470 4384 1632 4457 possibilite
1649 4383 1685 4438 de
1706 4384 1731 4438 la

397 4474 706 4530 transsubstantiation
722 4471 947 4543 eucharisthue.

486 4564 497 4596 ²
517 4582 533 4616 tt
553 4565 700 4620 Plusieurs
720 4562 771 4617 des
791 4560 868 4616 deux
888 4573 953 4616 cent
974 4574 1077 4633 quatre
1096 4564 1210 4619 articles
1231 4562 1277 4635 (de
1298 4563 1323 4617 la
1343 4562 1573 4618 condamnation
1594 4562 1630 4617 de
1653 4565 1730 4634 1277)

397 4664 465 4707 sont
483 4653 774 4708 incontestablement
786 4653 965 4706 averroistes.
981 4652 1111 4719 ceux-la,
1126 4654 1186 4707 cela
1198 4670 1234 4707 va
1247 4668 1315 4708 sans
1329 4651 1400 4718 dire,
1417 4653 1666 4724 n'appartiennent
1680 4668 1731 4723 pas

397 4743 515 4797 anotre
535 4741 657 4798 docteur
677 4742 779 4813 (Boece
799 4739 835 4794 de
856 4739 969 4811 Dacie);
993 4741 1106 4812 l'Eglise
1127 4743 1288 4797 elle-meme
1312 4759 1347 4797 ne
1370 4744 1409 4797 les
1432 4743 1572 4814 reprouve
1593 4757 1643 4812 pas
1665 4742 1730 4813 plus

398 4831 542 4886 vivement
556 4848 614 4902 que
628 4831 678 4888 lui.
694 4832 767 4887 Mais
785 4849 820 4887 en
835 4831 908 4886 voici
927 4831 978 4901 qui
999 4832 1080 4886 n'ont
1100 4832 1128 4886 ni
1147 4844 1219 4887 cette
1233 4832 1343 4902 origine
1362 4831 1390 4886 ni
1409 4848 1441 4887 ce
1459 4833 1641 4886 caractere.»
1656 4831 1688 4885 L.
1703 4846 1728 4884 c.

399 4937 427 4992 p.
451 4920 512 4991 275.
538 4920 671 4975 liaureau
696 4920 751 4976 cite
773 4922 849 4976 alors
872 4922 911 4975 les
934 4919 1005 4975 trois
1028 4920 1140 4976 articles
1161 4920 1196 4975 de
1217 4922 1242 4975 la
1263 4934 1331 4976 note
1352 4920 1531 4992 prdcedente,
1555 4919 1606 4991 qui
1629 4935 1731 4991 appar-

398 5010 530 5065 tiennent
551 5009 758 5065 certainement
783 5025 819 5065 au
844 5009 1059 5081 peripatetisme
1080 5012 1246 5076 averroiste‚
1270 5011 1342 5065 mais
1364 5026 1423 5065 non
1444 5026 1501 5065 aux
1522 5008 1646 5065 theories
1667 5009 1731 5064 fon-

398 5098 587 5153 damentales.

486 5188 498 5220 ⁸
517 5187 588 5260 Voy.
607 5204 634 5259 p.
651 5202 772 5242 ccxxxv.
