4872 6552
1324 1268 1380 1353 [Π]

763 1483 811 1547 Ex
831 1483 981 1568 predictis
1000 1496 1131 1572 apparet
1150 1482 1331 1547 secundum
1353 1483 1502 1566 superius
1524 1484 1779 1567 propositorum,
1795 1486 1914 1553 solutio
1932 1486 2020 1552 vide-

682 1591 756 1656 licet
769 1592 810 1656 ad
828 1591 1003 1675 predictam
1020 1591 1195 1656 racionem.

764 1807 803 1871 Et
819 1808 926 1890 primo
941 1806 1116 1869 dicendum
1133 1806 1274 1884 adeam,
1291 1819 1327 1871 ut
1342 1805 1403 1870 sub
1423 1806 1529 1871 forma
1549 1808 1655 1890 prima
1675 1809 1852 1892 proposita,
1870 1809 2018 1891 negando

638 1931 651 1975 5
683 1915 885 1998 propositum
913 1914 1074 1978 dicentem
1101 1913 1189 1997 quod
1219 1913 1339 1997 species
1366 1913 1422 1977 illa
1448 1934 1536 1977 noua
1560 1927 1609 1979 est
1633 1928 1665 1979 et
1688 1935 1757 1979 esse
1784 1916 1915 1998 incepit,
1941 1935 2017 1979 cum

681 2023 810 2105 penitus
840 2042 907 2085 non
937 2021 1119 2104 prefuisset,
1140 2022 1233 2084 cuius
1262 2021 1474 2085 indiuiduum
1503 2021 1672 2106 quodlibet
1700 2043 1768 2087 esse
1796 2024 1916 2107 incepit
1941 2043 2017 2087 cum

683 2149 749 2193 non
778 2127 959 2213 prefuisset.
988 2128 1074 2209 Quia
1101 2128 1172 2193 licet
1201 2129 1331 2192 nullum
1358 2130 1399 2191 sit
1425 2129 1572 2193 hominis
1601 2131 1813 2194 indiuiduum
1840 2132 1920 2215 quin
1950 2150 2019 2194 esse

683 2238 832 2320 inciperit
846 2257 921 2299 cum
939 2256 1005 2300 non
1023 2235 1206 2319 prefuisset,
1222 2235 1353 2300 nullum
1373 2250 1483 2300 tamen
1504 2238 1716 2302 indiuiduam
1731 2240 1802 2302 eius
1816 2258 1884 2302 esse
1900 2240 2018 2321 incepit

681 2346 762 2429 quin
778 2344 903 2427 aliquid
920 2344 1099 2427 prefuisset,
1115 2344 1295 2408 secundum
1314 2344 1538 2428 philosophos.
1555 2344 1684 2428 Species
1703 2358 1811 2409 autem
1833 2366 1901 2410 non
1922 2346 2018 2410 habet

623 2480 652 2513 10
681 2473 749 2517 esse
773 2465 901 2515 tantum
928 2471 983 2535 per
1004 2471 1071 2515 esse
1095 2454 1194 2514 unius
1218 2452 1267 2515 sui
1293 2451 1470 2529 indiuidui,
1494 2452 1548 2516 sed
1573 2467 1604 2516 et
1626 2453 1799 2517 cuiuslibet
1821 2452 1965 2529 alterius,
1988 2466 2017 2516 et

682 2562 755 2625 ideo
776 2559 957 2624 secundum
980 2580 1034 2623 eos
1056 2560 1177 2643 species
1201 2559 1349 2623 humana
1371 2579 1437 2623 non
1462 2561 1580 2644 incepit
1598 2581 1678 2638 esse,
1698 2581 1774 2625 cum
1797 2564 1927 2645 penitus
1949 2581 2016 2624 non

683 2668 864 2752 prefuisset.
886 2668 1008 2750 Speciei
1029 2668 1118 2731 enim
1135 2668 1168 2729 in
1184 2687 1253 2731 esse
1272 2669 1424 2751 inceptio,
1441 2688 1509 2731 non
1525 2668 1632 2732 solum
1648 2683 1695 2733 est
1710 2689 1748 2733 ex
1761 2669 1935 2733 cuiuslibet
1949 2671 2018 2733 eius

683 2776 846 2839 indiuidui
875 2776 1071 2858 inceptione,
1098 2794 1174 2838 cum
1203 2794 1270 2838 non
1298 2773 1479 2858 prefuisset,
1507 2774 1562 2839 sed
1590 2776 1729 2840 alicuius
1754 2778 1824 2840 eius
1853 2777 2016 2840 indiuidui

681 2903 757 2947 cum
793 2902 852 2945 nec
885 2884 1007 2966 ipsum,
1038 2901 1096 2945 nec
1127 2880 1218 2945 aliud
1252 2881 1339 2945 illius
1372 2883 1487 2965 speciei
1521 2882 1732 2947 indiuiduum
1768 2884 1947 2967 prefuisset.
1980 2884 2018 2948 Et

623 3004 652 3049 ιε
681 3004 729 3055 est
750 2991 835 3054 racio
854 2990 939 3053 dicta
958 2989 1076 3053 similis
1098 2990 1219 3053 racioni
1239 3009 1304 3072 qua
1323 2989 1451 3053 dubitat
1471 2991 1654 3082 aristotelis,
1675 2993 1739 3053 iiii⁰
1757 2991 1969 3074 phisicorum,
1990 2992 2016 3054 si

682 3111 811 3181 tempus
841 3098 1028 3180 preteritum
1059 3097 1189 3160 finitum
1219 3099 1271 3163 sit.
1302 3097 1410 3161 Omne
1438 3098 1527 3161 enim
1557 3111 1685 3181 tempus
1714 3099 1918 3181 preteritum,
1948 3101 2018 3162 siue

681 3208 905 3289 propinquum
928 3206 997 3269 siue
1021 3217 1196 3281 remotum,
1218 3217 1265 3269 est
1287 3204 1420 3289 aliquod
1441 3219 1532 3282 tunc,
1555 3219 1586 3269 et
1606 3205 1774 3289 quodlibet
1795 3219 1874 3270 tunc
1895 3206 2017 3271 distan-

681 3316 765 3377 ciam
787 3314 884 3377 habet
902 3314 1111 3376 terminatam
1131 3313 1172 3376 ad
1192 3332 1323 3395 presens
1343 3332 1444 3390 nunc,
1460 3333 1534 3397 ergo
1554 3326 1659 3377 totum
1680 3327 1809 3397 tempus
1829 3316 2015 3397 preteritum

681 3436 728 3487 est
747 3421 890 3486 finitum.
909 3420 1053 3504 Vtraque
1072 3440 1148 3484 vero
1169 3421 1434 3503 proposicionum
1455 3420 1669 3504 predictarum
1691 3434 1821 3504 apparet
1835 3441 1875 3485 ex
1889 3424 2017 3487 racione

620 3557 653 3588 20
682 3531 784 3612 ipsius
812 3542 891 3592 tunc
918 3549 1018 3613 quam
1047 3528 1140 3592 docet
1169 3527 1403 3612 philosophus,
1433 3529 1496 3591 iiii⁰
1525 3528 1739 3611 phisicorum.
1771 3529 1879 3593 Huius
1907 3544 2015 3594 autem

682 3637 821 3701 racionis
850 3635 969 3700 solutio
997 3636 1107 3720 appud
1136 3635 1331 3699 aristotelem
1360 3649 1417 3711 est,
1444 3635 1533 3719 quod
1566 3637 1639 3700 licet
1668 3636 1838 3719 quodlibet
1869 3651 1948 3700 tunc
1976 3639 2018 3702 sit

682 3743 827 3819 finitum,
849 3744 927 3826 quia
948 3757 1057 3807 tamen
1080 3743 1182 3806 estin
1205 3756 1350 3826 tempore
1372 3744 1513 3826 accipere
1534 3757 1613 3807 tunc
1634 3758 1709 3808 ante
1732 3758 1811 3807 tunc
1835 3744 2015 3821 infinitum,

682 3852 754 3915 ideo
774 3871 842 3914 non
863 3864 967 3914 totum
987 3864 1117 3932 tempus
1136 3863 1183 3913 est
1203 3850 1346 3914 finitum.
1368 3850 1597 3933 Compositum
1620 3855 1708 3915 enim
1731 3871 1769 3915 ex
1791 3851 1892 3915 finitis
1913 3871 2017 3935 quan-

681 3962 781 4035 titate,
805 3979 943 4023 numero
966 3971 1075 4022 autem
1101 3957 1251 4034 infinitis,
1275 3958 1443 4023 infinitum
1470 3958 1566 4023 habet
1588 3978 1667 4023 esse.
1693 3959 1784 4023 Sicut
1806 3960 1921 4035 eciam,
1944 3959 2017 4023 licet

621 4081 652 4125 25
682 4067 813 4131 nullum
839 4068 880 4130 sit
903 4066 1047 4129 hominis
1074 4065 1286 4129 indiuiduum
1311 4066 1445 4150 quando
1470 4086 1538 4130 esse
1564 4068 1730 4150 inceperit,
1754 4086 1829 4130 cum
1856 4086 1923 4130 non
1949 4086 2017 4149 pre·

682 4176 806 4250 fuisset,
819 4175 896 4257 quia
911 4187 1020 4237 tamen
1038 4172 1249 4236 indiuiduum
1263 4185 1397 4238 estante
1411 4173 1622 4237 indiuiduum
1640 4173 1821 4250 infinitum,
1835 4173 2014 4237 secundum

682 4281 913 4367 philosophos,
942 4282 1015 4345 ideo
1044 4282 1224 4345 secundum
1254 4300 1309 4344 eos
1336 4301 1404 4344 esse
1433 4300 1500 4344 non
1535 4282 1650 4365 incipit
1678 4302 1753 4344 cum
1788 4284 1918 4365 penitus
1947 4302 2014 4345 non

682 4390 863 4475 prefuisset,
880 4391 962 4453 sicut
982 4408 1040 4452 nec
1059 4401 1199 4472 tempus.
1223 4388 1262 4452 Et
1280 4402 1327 4452 est
1346 4389 1465 4465 simile,
1481 4390 1557 4473 quia
1577 4390 1660 4454 sicut
1678 4402 1808 4472 tempus
1828 4391 2013 4471 preteritum

682 4498 779 4561 habet
802 4517 870 4561 esse
893 4500 904 4540 1
929 4516 983 4580 per
1006 4495 1227 4580 quodcunque
1250 4509 1340 4572 tunc,
1365 4497 1409 4559 sic
1431 4510 1462 4559 et
1484 4497 1604 4579 species
1627 4515 1682 4579 per
1702 4515 1770 4560 esse
1791 4498 2016 4579 cuiuscunque

620 4620 652 4664 30
681 4604 857 4669 indiuidui.

761 4820 812 4882 Ad
834 4819 973 4883 formam
994 4833 1103 4882 autem
1127 4819 1278 4894 racionis,
1300 4831 1335 4883 ut
1355 4818 1498 4882 secundo
1521 4818 1619 4883 modo
1642 4819 1818 4902 proposita,
1838 4817 2013 4882 dicendum

682 4927 889 4992 concedendo
908 4926 997 5010 quod
1017 4925 1201 4990 vniuersale
1223 4925 1398 4990 nechabet
1419 4946 1487 4991 esse
1509 4946 1567 4990 nec
1589 4928 1713 4990 causari
1735 4926 1798 4991 nisi
1820 4927 1853 4989 in
1874 4925 2015 5009 singula-

755 5153 764 5185 ¹
784 5153 917 5225 Matique
929 5153 1005 5207 dans
1018 5152 1046 5206 le
1059 5168 1110 5208 ms.
