4872 6552
1009 866 1214 939 ..63-

522 1059 559 1126 ln
579 1065 779 1128 contrarium
799 1080 847 1130 est
866 1063 1093 1148 philosophus,
1109 1063 1171 1147 vij⁰
1186 1063 1399 1146 phisicorum‚
1414 1062 1471 1145 qui
1491 1062 1559 1126 ait:
1576 1081 1675 1125 omne
1689 1058 1777 1146 quod

443 1184 593 1235 mouetur
606 1171 648 1236 ab
663 1172 728 1236 alio
744 1186 906 1236 mouetur.

522 1385 715 1470 Respondeo
736 1387 912 1451 dicendum
934 1386 1023 1471 quod
1048 1388 1074 1449 si
1100 1386 1187 1449 idem
1213 1399 1358 1449 moueret
1381 1386 1540 1468 seipsum,
1563 1383 1648 1447 idem
1674 1397 1779 1467 ageret

442 1495 475 1556 in
502 1513 535 1557 se
562 1495 683 1577 ipsum.
713 1494 800 1558 Cum
829 1514 903 1579 ergo
931 1507 1076 1577 oporteat
1104 1513 1172 1557 esse
1199 1493 1343 1576 aliquem
1372 1505 1558 1556 contactum
1587 1492 1711 1575 agentis
1738 1490 1777 1553 ad

441 1602 571 1684 paciens
585 1614 615 1665 et
630 1621 757 1684 semper
771 1603 812 1666 sit
826 1601 936 1686 aliqua
954 1603 1126 1665 conuersio
1146 1602 1269 1684 agentis
1285 1620 1381 1683 super
1397 1601 1525 1683 paciens
1541 1619 1609 1663 non
1624 1613 1671 1662 est
1686 1598 1778 1661 intel·
1808 1615 1821 1658 s

440 1707 563 1791 ligibile
582 1708 667 1772 idern
688 1729 721 1772 se
741 1710 849 1791 ipsum
872 1728 1015 1784 mouere,
1034 1710 1095 1771 nisi
1117 1708 1201 1771 idem
1218 1710 1259 1772 sit
1274 1726 1370 1790 super
1385 1727 1418 1770 se
1438 1709 1546 1790 ipsum
1566 1725 1775 1770 conuersum.

439 1814 502 1878 Sed
527 1815 627 1879 nichil
651 1836 844 1899 corporeum
868 1830 899 1880 et
924 1815 1023 1879 nichil
1045 1815 1223 1891 diuisibile,
1246 1828 1376 1898 propter
1397 1814 1590 1879 distanciam
1617 1815 1776 1897 parcium,

440 1936 475 1986 ut
490 1922 604 2006 probat
619 1924 748 2006 proclus
764 1927 798 1986 in
815 1923 1099 2006 proposicionibus
1119 1923 1197 1999 suis,
1215 1935 1318 2005 potest
1332 1942 1400 1985 esse
1414 1922 1455 1985 ad
1471 1941 1503 1985 se
1519 1923 1628 2005 ipsum
1643 1939 1779 1984 conuer-

440 2030 549 2092 siuum
574 2030 662 2113 quod
686 2043 790 2094 totum
816 2044 1025 2094 conuertatur
1047 2030 1087 2093 ad
1113 2043 1231 2106 totum,
1255 2043 1285 2093 et
1308 2043 1413 2093 totum
1438 2049 1472 2093 se
1496 2031 1603 2112 ipsum
1628 2030 1775 2110 attingat.

440 2135 522 2220 Ergo
543 2138 672 2200 nullum
693 2138 756 2202 tale
776 2151 882 2202 totum
905 2152 1008 2221 potest
1023 2138 1056 2200 in
1072 2157 1105 2201 se
1121 2138 1228 2220 ipsum
1249 2156 1352 2220 agere,
1370 2157 1429 2200 nec
1448 2157 1481 2200 se
1502 2138 1611 2219 ipsum
1633 2154 1775 2199 mouere.
1810 2164 1839 2195 ιο

439 2243 524 2307 Cum
549 2264 625 2327 ergo
650 2246 683 2307 in
705 2245 826 2308 talibus
850 2245 918 2309 sola
943 2264 1015 2329 pars
1041 2258 1161 2327 partem
1185 2244 1321 2328 attingat
1344 2264 1410 2307 non
1433 2256 1539 2308 totum
1562 2257 1680 2318 totum,
1704 2261 1777 2325 pars

440 2352 554 2433 poterit
570 2371 702 2415 mouere
718 2367 853 2435 partem,
868 2372 934 2416 non
950 2366 1055 2416 totum
1072 2365 1190 2415 totum.
1207 2351 1302 2414 Vnde
1316 2353 1349 2414 in
1364 2365 1454 2415 motu
1471 2351 1563 2414 locali
1579 2370 1651 2433 pars
1667 2363 1777 2413 mouet

439 2473 561 2542 partem
585 2460 766 2523 secundum
789 2460 877 2543 quod
899 2475 1003 2525 toturn
1027 2459 1187 2524 diuiditur
1208 2461 1242 2521 in
1266 2472 1370 2542 partes
1389 2459 1590 2533 essenciales,
1611 2471 1647 2521 ut
1665 2458 1776 2520 anima

439 2580 550 2630 mouet
564 2586 693 2650 corpus,
708 2587 772 2651 que
791 2582 869 2631 sunt
884 2583 987 2650 partes
1002 2568 1203 2631 essenciales.
1222 2566 1259 2629 ln
1276 2580 1366 2629 motu
1384 2585 1461 2629 uero
1476 2565 1516 2628 ad
1533 2564 1686 2641 formam,
1704 2585 1776 2648 pars

438 2688 542 2756 potest
558 2694 689 2738 mouere
705 2689 826 2758 partem
844 2674 1025 2739 secundum
1042 2674 1130 2757 quod
1150 2688 1255 2739 totum
1271 2673 1430 2737 diuiditur
1445 2675 1478 2735 in
1497 2687 1601 2755 partes
1616 2673 1777 2755 quantita·
1809 2688 1837 2732 rs

438 2783 533 2857 tinas,
550 2795 585 2845 ut
601 2801 673 2864 pars
688 2784 769 2845 aeris
783 2781 934 2846 calefacta
949 2783 1046 2845 aliam
1065 2797 1186 2865 partem
1202 2783 1284 2845 aeris
1297 2780 1453 2844 calefacit.
1470 2780 1555 2844 Cum
1572 2799 1647 2863 ergo
1667 2792 1777 2843 motus

439 2891 566 2973 proprie
595 2903 747 2973 sumptus
776 2910 842 2954 non
871 2891 1039 2973 contingat
1066 2891 1127 2952 nisi
1156 2890 1251 2954 rebus
1276 2889 1513 2966 diuisibilibus‚
1539 2890 1617 2972 quia
1644 2888 1774 2951 nullum

438 2996 634 3079 impartibile
660 3010 822 3073 mouetur,
845 3011 881 3061 ut
904 2996 1058 3080 probatur
1080 2999 1128 3061 vi⁰
1150 2997 1364 3080 phisicorum‚
1390 3016 1438 3060 res
1461 3011 1570 3059 autem
1594 2995 1776 3059 diuisibiles

438 3123 504 3167 non
526 3118 663 3187 possunt
682 3103 722 3168 ad
742 3124 776 3168 se
794 3106 939 3168 conuerti
961 3105 1004 3168 ita
1023 3104 1111 3187 quod
1131 3117 1235 3167 totum
1259 3116 1468 3167 conuertatur
1488 3102 1527 3166 ad
1549 3116 1668 3178 totum,
1689 3104 1776 3167 bona

436 3225 483 3276 est
503 3213 764 3296 propositioque
783 3214 916 3295 ponitur
932 3213 965 3274 in
983 3212 1143 3294 principio
1163 3212 1291 3295 septimi
1313 3211 1447 3294 phisice,
1463 3210 1551 3294 quod
1572 3231 1672 3274 omne
1686 3209 1774 3298 quod
1805 3236 1837 3268 20

437 3333 589 3383 mouetur
609 3320 650 3383 ab
672 3320 736 3383 alio
760 3334 920 3384 mouetur.
945 3318 1125 3403 Nunquam
1150 3320 1239 3382 enim
1262 3333 1365 3383 totum
1391 3333 1502 3383 mouet
1523 3339 1556 3382 se
1579 3319 1687 3402 ipsum
1712 3319 1774 3381 nisi

436 3428 513 3510 quia
533 3446 606 3510 pars
627 3439 737 3491 mouet
758 3442 901 3511 partem;
923 3429 1028 3491 immo
1048 3429 1074 3490 si
1096 3427 1178 3490 bene
1196 3426 1419 3490 consideretur
1438 3428 1551 3490 racio1
1572 3426 1773 3509 philosophi,

437 3534 462 3595 si
483 3533 615 3616 aliquod
636 3548 741 3598 totum
764 3550 908 3599 moueret
924 3555 956 3598 se
972 3536 1078 3618 ipsum
1101 3547 1182 3598 esset
1202 3533 1424 3611 indiuisibile;
1446 3546 1482 3597 ut
1500 3534 1589 3597 enim
1606 3545 1773 3597 ostensum

436 3652 495 3714 est,
511 3640 617 3704 solum
635 3641 850 3704 indiuisibilia
866 3641 997 3704 suntad
1014 3661 1046 3704 se
1061 3642 1266 3705 conuersiua.

519 3746 566 3810 Ex
594 3748 657 3810 hiis
690 3761 816 3825 autem,
846 3749 872 3810 si
902 3748 983 3811 bene
1015 3750 1249 3825 consideratur,
1279 3748 1454 3812 soluuntur
1481 3749 1684 3812 obiecciones
1712 3768 1775 3832 que
1805 3761 1835 3805 25

436 3868 678 3918 consueuerunt
702 3854 782 3930 lieri,
803 3855 923 3919 scilicet
941 3860 965 3930 ²,
987 3855 1071 3920 idem
1098 3870 1202 3940 potest
1225 3876 1334 3920 amare
1356 3876 1389 3920 se
1412 3857 1520 3939 ipsum
1543 3869 1575 3919 et
1599 3855 1775 3938 intelligere

437 3981 469 4024 se
498 3962 618 4044 ipsum.
637 3962 722 4025 Nam
749 3982 859 4026 amare
886 3975 917 4027 et
946 3963 1121 4045 intelligere
1149 3977 1342 4047 competunt
1369 3964 1465 4027 rebus
1494 3962 1773 4039 indiuisibilibus;

438 4084 546 4133 motus
572 4083 679 4132 autem
709 4089 787 4132 non.
818 4069 893 4133 ldeo
918 4071 1002 4133 idem
1029 4084 1132 4153 potest
1158 4058 1335 4153 intelligere
1362 4091 1394 4134 se
1421 4072 1542 4154 ipsum,
1570 4089 1637 4133 non
1664 4083 1772 4132 autem

438 4195 578 4240 mouere.
601 4175 722 4252 immo,
739 4177 920 4241 intellectus
940 4177 1090 4260 intelligit
1110 4198 1143 4241 se
1162 4177 1351 4261 intelligere,
1367 4179 1444 4263 quia
1465 4198 1533 4242 non
1552 4191 1600 4241 est
1619 4178 1723 4240 uirtus
1739 4178 1772 4239 in

435 4302 579 4366 corpore,
602 4303 660 4346 nec
681 4285 864 4348 extenditur
881 4285 1069 4347 extensione
1088 4286 1243 4367 corporis.
1266 4284 1390 4348 Oculus
1412 4298 1520 4348 autem
1545 4304 1611 4347 non
1634 4283 1722 4347 uidet
1741 4303 1774 4347 se
1803 4297 1835 4341 30

436 4390 556 4466 uidere,
572 4392 649 4474 quia
670 4392 773 4455 uirtus
788 4392 893 4455 visiua
911 4405 959 4455 est
977 4392 1081 4455 uirtus
1101 4394 1252 4474 organica
1270 4405 1402 4455 extensa
1421 4393 1608 4455 extensione
1629 4392 1770 4455 materie.

436 4497 483 4560 De
501 4517 611 4561 amore
631 4512 739 4561 autem
761 4498 841 4562 forte
856 4501 868 4541 ³
886 4512 934 4562 est
948 4498 1094 4581 specialis
1110 4500 1195 4562 racio
1210 4518 1309 4582 quare
1324 4512 1370 4562 est
1385 4518 1482 4581 super
1497 4518 1529 4562 se
1544 4498 1770 4562 conuersiuus.

435 4603 497 4668 Sed
525 4603 587 4668 hoc
612 4606 780 4669 ostendere
807 4626 873 4669 non
898 4622 945 4669 est
969 4607 1124 4689 presentis
1150 4606 1397 4689 speculacionis.
1424 4606 1572 4670 Tantum
1596 4619 1705 4669 autem
1730 4604 1769 4667 ad

436 4731 567 4794 presens
587 4713 627 4775 sit
641 4717 654 4756 ⁴
668 4713 792 4776 dictum
812 4712 900 4796 quod
923 4731 1038 4777 omnes
1058 4714 1204 4776 raciones
1224 4713 1370 4777 uolentes
1390 4712 1524 4796 probare
1546 4711 1669 4795 aliquid
1691 4713 1773 4795 per⁵

515 4972 525 5004 ¹
544 4973 589 5027 Ms
599 4998 635 5018 =
645 4972 766 5029 Omnes.
780 4973 823 5028 On
836 4973 979 5045 pourrar't
989 4973 1140 5045 peut-&tre
1152 4973 1286 5046 rectifier
1300 4973 1327 5028 le
1341 4980 1420 5028 texte
1434 4972 1533 5028 ainsi:
1548 4971 1772 5028 considerantur

434 5076 547 5117 omnes.
570 5093 604 5102 —
624 5062 635 5094 ²
653 5063 699 5118 Ms
712 5064 747 5134 -Ι-
760 5062 903 5119 videlicet.
926 5094 957 5103 -
977 5063 988 5096 ⁸
1007 5063 1052 5118 Ms
1073 5063 1107 5133 4-
1127 5062 1211 5119 forte.
1232 5094 1266 5103 -
1285 5062 1297 5094 ⁴
1316 5063 1361 5118 Ms
1374 5088 1410 5108 =
1427 5063 1478 5118 sic.
1500 5094 1534 5103 —
1554 5061 1565 5094 ⁶
1584 5062 1629 5117 ills
1649 5087 1685 5106 -ε
1705 5074 1772 5133 post

435 5166 472 5205 ou
489 5166 594 5223 prrmo.
