4872 6552
1253 894 1459 958 ..7,..

687 1065 808 1148 species
832 1063 978 1126 humana
1001 1063 1061 1127 erit
1082 1082 1100 1126 a
1124 1062 1185 1126 deo
1208 1074 1349 1137 causata,
1374 1061 1420 1124 sic
1442 1060 1531 1144 quod
1557 1080 1625 1124 esse
1652 1062 1770 1145 incepit
1792 1081 1868 1125 curn
1893 1061 2023 1146 penitus

687 1191 754 1235 non
779 1170 959 1254 prefuisset.

767 1384 979 1468 Quamquam
1001 1397 1109 1447 autem
1133 1384 1191 1447 hec
1212 1384 1298 1446 racio
1319 1383 1360 1447 sit
1382 1381 1485 1446 facilis
1504 1382 1545 1446 ad
1565 1383 1760 1446 soluendum
1784 1403 1859 1446 cum
1883 1384 2022 1466 seipsam

689 1493 856 1575 impediat,
878 1493 955 1574 quia
975 1505 1085 1554 tamen
1110 1491 1277 1553 materiam
1299 1490 1558 1553 consideratione
1581 1490 1714 1573 dignam
1739 1492 1853 1573 tangit,
1877 1489 2025 1573 aliquan-

644 1623 658 1668 5
687 1600 794 1664 tulum
818 1601 922 1682 ipsam
945 1613 1077 1663 tractare
1097 1598 1310 1661 intendimus.
1334 1599 1552 1681 Proponimus
1572 1611 1679 1661 autem
1703 1597 1743 1660 ad
1764 1617 1894 1681 presens
1913 1610 2023 1661 contra

689 1708 793 1790 ipsam
810 1707 971 1769 minorem
988 1725 1056 1768 esse
1072 1705 1221 1768 dicenda.

771 1815 917 1876 Primum
942 1813 1013 1889 erit,
1033 1812 1170 1895 qualiter
1194 1813 1314 1895 species
1341 1813 1499 1888 humana,
1519 1826 1550 1875 ct
1569 1810 1794 1877 uniuersaliter
1818 1832 2025 1896 quecumque

688 1920 751 1984 alia
764 1921 1001 2004 generabilium
1017 1934 1048 1984 et
1061 1920 1337 2003 corruptibilium,
1352 1933 1482 1983 causata
1498 1920 1548 1983 sit.

769 2028 957 2091 Secundum
983 2029 1089 2110 primo
1110 2029 1324 2104 conueniens,
1340 2042 1388 2092 est
1410 2028 1575 2110 respontio
1598 2026 1638 2090 ad
1663 2027 1825 2091 racionem
1849 2027 2023 2110 predictam

631 2173 660 2204 ιο
687 2135 968 2219 qualitercumque
983 2135 1152 2200 formetur.

769 2243 936 2319 Tercium,
957 2247 1033 2326 quia
1054 2242 1193 2326 predicta
1209 2244 1294 2306 racio
1309 2243 1424 2326 accipit
1438 2242 1635 2306 vniuersalia
1650 2262 1718 2306 esse
1738 2243 1772 2304 in
1792 2241 2024 2324 singularibus,

688 2364 797 2415 vtrum
814 2350 875 2413 hoc
889 2364 920 2413 et
933 2349 1071 2433 qualiter
1086 2350 1203 2414 habeat
1217 2352 1398 2414 ueritatem.

770 2458 932 2537 Quartum
961 2458 1036 2535 erit,
1066 2458 1143 2540 quia
1172 2459 1310 2541 speciem
1339 2458 1482 2541 aliquam
1515 2477 1633 2541 ponere
1662 2459 1803 2540 incipere
1831 2478 1915 2534 esse,
1948 2477 2024 2521 cum

690 2566 819 2647 penitus
836 2583 902 2627 non
919 2564 1101 2648 prefuisset,
1117 2567 1262 2648 sequitur
1278 2567 1455 2648 potentiam
1476 2577 1584 2628 actum
1606 2567 1714 2649 ipsum
1731 2566 1906 2629 duracione
1923 2584 2027 2647 prece·

631 2696 660 2740 ιε
689 2671 764 2735 dere
787 2672 967 2735 secundum
995 2674 1084 2736 uiam
1113 2671 1330 2756 philosophie,
1347 2671 1522 2735 dicendum
1546 2674 1606 2736 erit
1628 2674 1702 2757 quis
1726 2674 1862 2737 istorum
1887 2673 2024 2736 alterum

689 2778 865 2843 duracione
887 2779 1037 2863 precedit.
1061 2779 1146 2843 Nam
1169 2793 1200 2843 et
1222 2779 1283 2843 hoc
1305 2781 1337 2842 in
1361 2800 1394 2843 se
1416 2779 1640 2844 difficultatem
1663 2780 1770 2844 habet.

1340 3100 1378 3184 [Ι]

771 3316 819 3380 De
834 3317 940 3400 primo
955 3315 1125 3380 sciendum
1142 3328 1189 3379 est
1203 3315 1304 3399 quod,
1314 3317 1494 3379 secundum
1512 3315 1736 3399 philosophos,
1746 3317 1867 3399 species
1882 3317 2027 3381 humana

692 3442 758 3486 non
784 3436 831 3487 est
853 3435 984 3486 causata
1007 3425 1070 3486 nisi
1101 3442 1156 3504 per
1178 3423 1433 3505 generationem.
1455 3422 1560 3486 Cuius
1584 3424 1669 3487 racio
1693 3436 1750 3500 est,
1767 3424 1844 3507 quia
1863 3424 2028 3486 vniuersa-

630 3567 663 3600 ιο
691 3530 762 3594 liter
777 3532 919 3613 speciesl
933 3550 1074 3614 quorum
1090 3542 1219 3593 esseest
1235 3531 1268 3591 in
1286 3532 1419 3594 materia
1433 3550 1497 3614 que
1511 3530 1551 3593 ad
1568 3530 1706 3594 formam
1724 3532 1756 3592 in
1774 3532 1933 3614 potencia,
1946 3528 2028 3595 facta

691 3638 754 3701 fuit
771 3638 995 3722 generacione,
1011 3658 1075 3721 que
1094 3637 1227 3722 quidem
1247 3657 1360 3701 eorum
1381 3651 1428 3701 est
1448 3658 1503 3721 per
1523 3658 1555 3701 se
1575 3639 1625 3701 vel
1646 3658 1702 3721 per
1716 3637 1876 3701 accidens.
1900 3639 1947 3702 Ex
1966 3639 2029 3702 boc

691 3758 799 3809 autem
815 3745 903 3829 quod
920 3746 1041 3828 species
1056 3746 1202 3808 humana
1216 3760 1345 3809 causata
1360 3757 1406 3809 est
1425 3765 1443 3807 a
1463 3746 1524 3809 deo
1541 3765 1594 3829 per
1608 3747 1867 3828 generacionem,
1883 3747 2029 3829 sequitur

691 3872 762 3916 eam
786 3872 853 3917 non
877 3853 1064 3916 immediate
1082 3854 1124 3917 ab
1143 3873 1181 3917 eo
1201 3855 1403 3937 processisse.
1421 3853 1550 3936 Species
1571 3873 1649 3916 uero
1673 3854 1832 3929 bumana,
1850 3868 1881 3918 et
1899 3855 2030 3918 vniuer-

692 3959 800 4024 saliter
822 3980 1096 4045 quorumcunque
1120 3962 1240 4044 species
1264 3974 1311 4024 est
1335 3962 1368 4023 in
1395 3962 1539 4037 materia,
1562 3960 1635 4024 licet
1657 3960 1738 4024 facta
1762 3962 1802 4025 sit
1825 3981 1879 4044 per
1899 3980 2029 4044 genera-

631 4091 663 4135 25
691 4070 834 4145 cionem,
855 4088 922 4132 non
943 4083 1053 4141 tamen
1073 4082 1120 4132 est
1138 4082 1287 4150 generata
1308 4088 1363 4151 per
1382 4088 1426 4144 se,
1447 4069 1501 4131 sed
1522 4082 1649 4132 tantum
1671 4088 1727 4151 per
1745 4068 1904 4132 accidens.
1924 4069 2030 4132 Perse

694 4196 774 4251 non,
796 4177 873 4259 quia
895 4177 921 4239 si
943 4178 1017 4260 quis
1038 4175 1182 4239 attendat
1200 4175 1240 4239 ad
1260 4195 1297 4239 ea
1316 4196 1379 4258 que
1399 4176 1483 4240 fiunt
1501 4176 1737 4252 uniuersaliter,
1753 4196 1853 4240 omne
1871 4175 1959 4259 quod
1981 4176 2028 4252 fit,

694 4283 729 4347 fit
754 4303 793 4346 ex
819 4284 952 4346 materia
980 4283 1039 4346 hac
1066 4282 1262 4346 indiuiduali
1288 4297 1318 4347 et
1344 4283 1568 4347 determinata.
1601 4284 1688 4349 Licet
1713 4287 1801 4348 enim
1829 4285 1974 4348 raciones
1999 4297 2030 4348 et

694 4391 831 4454 sciencie
853 4403 931 4453 sunt
951 4391 1034 4453 circa
1053 4390 1263 4466 uniuersalia
1279 4392 1487 4473 operaciones
1506 4404 1614 4454 tamen
1637 4405 1715 4455 sunt
1735 4393 1818 4455 circa
1839 4391 2027 4475 singularia.

695 4499 819 4562 Νιιτιε2
837 4510 946 4561 autem
969 4497 1010 4560 ad
1033 4498 1195 4561 racionem
1219 4498 1334 4580 speciei
1356 4518 1423 4561 non
1444 4499 1581 4581 pertinet
1602 4497 1815 4561 determinata
1835 4500 1980 4575 materia,
2000 4512 2031 4562 et

633 4628 666 4672 ao
694 4605 767 4669 ideo
796 4624 863 4668 non
891 4618 1063 4688 generatur
1090 4625 1146 4688 per
1173 4624 1217 4680 se,
1246 4618 1277 4668 et
1303 4619 1351 4669 est
1378 4605 1465 4688 apud
1491 4606 1686 4669 aristotelem
1712 4607 1774 4668 vii0
1800 4605 2027 4689 metaphysica.

696 4713 816 4777 Eadem
844 4714 941 4787 racio,
968 4713 1046 4796 quia
1072 4731 1138 4775 non
1160 4725 1330 4795 generatur
1356 4712 1461 4776 forma
1489 4733 1544 4796 per
1568 4733 1613 4790 se,
1639 4726 1670 4776 et
1695 4714 1914 4796 compositum
1941 4712 2029 4797 quod

696 4834 742 4885 est
756 4821 887 4905 species.
906 4820 946 4883 Et
959 4819 1032 4883 dico
1047 4821 1185 4903 speciem
1201 4820 1429 4903 compositam,
1451 4840 1527 4883 nam
1549 4822 1632 4884 sicut
1650 4820 1760 4884 callias
1775 4821 1814 4884 de
1829 4841 1886 4884 sua
1902 4822 2030 4885 racione

695 4942 743 4994 est
766 4929 824 4992 hec
846 4928 958 4991 anima
981 4928 1014 4989 in
1037 4927 1098 4990 hoc
1121 4946 1265 5010 corpore,
1291 4929 1334 4991 ita
1357 4928 1480 4992 animal
1503 4942 1550 4992 est
1570 4929 1682 4992 anima
1705 4930 1904 5015 incorpore.
1931 4928 2030 4997 Racio

778 5155 787 5191 ¹
806 5155 940 5231 Matique
956 5155 1031 5210 dans
1045 5155 1072 5211 le
1088 5170 1138 5209 ms.
1154 5186 1188 5195 —
1202 5154 1213 5186 ²
1227 5154 1273 5211 Ms
1286 5185 1322 5194 -
1334 5170 1396 5212 nec.
