4892 6540
985 919 1168 985 ..9-

408 1089 453 1153 tit
467 1087 556 1172 quod
570 1088 631 1153 deo
646 1105 749 1172 perse
764 1099 881 1151 notum
900 1099 948 1151 est
967 1088 1153 1170 preteritum
1168 1099 1199 1151 et
1213 1085 1374 1150 fututum.
1398 1085 1618 1169 imponuntur
1630 1099 1739 1151 autem

408 1195 437 1258 ei
452 1207 483 1258 et
497 1195 551 1258 alii
566 1214 687 1258 errores
701 1193 741 1257 de
755 1193 876 1277 quibus
896 1212 963 1257 non
983 1193 1025 1256 sit
1044 1193 1140 1257 nobis
1153 1212 1241 1269 cure,
1257 1193 1333 1276 quia
1348 1193 1411 1256 hoc
1424 1194 1584 1276 contingit
1602 1212 1640 1256 ex
1660 1192 1742 1257 salso

410 1302 584 1367 intellectu.

490 1569 680 1655 Capitulum
710 1569 841 1632 tertium
871 1567 927 1632 vbi
953 1567 1144 1651 injungitur
1169 1568 1290 1631 dictum
1319 1567 1406 1631 illud
1423 1570 1504 1631 uncle
1525 1567 1742 1653 philosophus

407 1697 541 1741 suorum
558 1696 710 1741 errorum
725 1684 897 1760 acceperat
899 1674 1145 1757 fulcimentum.
1159 1674 1284 1738 Omnes
1299 1694 1420 1739 errores
1435 1676 1498 1751 sui,
1510 1676 1535 1738 si
1552 1676 1626 1758 quis
1642 1675 1742 1739 subti-

409 1785 479 1850 liter
495 1784 749 1867 inuestigauerit,
760 1803 798 1846 err
815 1782 876 1846 hoc
889 1794 1042 1846 secuntur
1054 1781 1142 1865 quod
1156 1781 1257 1845 nichil
1274 1802 1399 1846 nouum
1415 1784 1447 1844 in
1461 1801 1529 1846 esse
1542 1782 1743 1865 progreditur

410 1893 472 1956 nisi
498 1910 554 1975 per
575 1906 701 1956 motum
728 1889 966 1974 procedentem.
989 1889 1075 1953 Cum
1099 1907 1174 1972 ergo
1197 1889 1259 1952 hoc
1279 1891 1321 1953 sit
1342 1889 1475 1967 salsum,
1497 1889 1574 1966 quia
1595 1889 1675 1952 deus
1696 1901 1743 1952 est

410 2001 552 2085 primum
574 2018 683 2084 agens,
704 2017 771 2062 non
792 2010 828 2062 ut
847 1998 1102 2061 instrumentum
1123 1999 1146 2071 ¹,
1169 1997 1274 2079 potuit
1294 2015 1343 2060 res
1363 1996 1538 2081 producere
1559 1996 1628 2059 sine
1651 2008 1742 2059 motu

409 2105 605 2190 precedente.
627 2106 736 2189 Agens
754 2104 843 2167 enim
865 2123 920 2187 per
935 2117 1084 2166 naturam
1105 2116 1136 2167 et
1153 2122 1252 2186 agens
1272 2116 1307 2167 ut
1327 2104 1596 2180 instrumentum,
1612 2103 1688 2186 quia
1703 2102 1743 2165 de

409 2214 531 2277 ratione
548 2213 754 2276 instrumenti
770 2210 919 2295 estquod
936 2225 1066 2274 moueat
1081 2222 1223 2287 motum,
1238 2210 1277 2273 de
1294 2211 1478 2274 necessitate
1495 2211 1527 2273 in
1543 2230 1601 2273 sua
1617 2210 1743 2273 actione

410 2333 537 2383 motum
559 2320 780 2404 presupponit.
804 2317 913 2382 Factio
934 2337 1009 2400 ergo
1028 2316 1080 2380 uel
1102 2317 1270 2400 productio
1290 2319 1386 2401 primi
1407 2318 1530 2401 agentis
1551 2330 1655 2401 potest
1675 2336 1743 2381 esse

408 2428 531 2511 absque
553 2427 608 2491 tali
632 2441 735 2492 motu.
761 2425 837 2490 ldeo
858 2426 975 2489 creatio
998 2444 1064 2487 non
1088 2437 1134 2488 est
1157 2437 1278 2500 motus,
1300 2425 1377 2508 quia
1400 2438 1509 2489 motus
1531 2425 1744 2509 presupponit

409 2534 542 2611 mobile,
567 2534 684 2597 creatio
707 2553 785 2597 uero
812 2532 911 2596 nichil
937 2532 1161 2616 presupponit,
1187 2551 1246 2595 nec
1268 2546 1316 2595 est
1339 2533 1477 2595 mutatio
1501 2533 1640 2615 proprie,
1665 2532 1743 2615 quia

408 2642 518 2706 omnis
548 2642 685 2706 mutatio
712 2653 760 2704 est
787 2641 946 2704 terminus
977 2653 1084 2703 motus
1100 2659 1109 2716 ;
1139 2639 1194 2703 scd
1223 2652 1259 2703 ut
1286 2640 1498 2722 coniungitur
1526 2640 1668 2722 potentia
1696 2652 1744 2702 est

408 2748 597 2831 simpliciter
611 2747 761 2811 defluxus
776 2767 794 2810 a
810 2747 927 2831 primo.
944 2746 1160 2830 Quacumque
1174 2766 1248 2829 ergo
1263 2759 1374 2811 contra
1391 2747 1608 2830 inceptionem
1626 2745 1742 2809 mundi

407 2868 438 2919 et
452 2867 565 2919 contra
579 2875 616 2918 ea
630 2874 694 2939 que
707 2867 795 2918 tenet
809 2853 888 2917 fides
900 2853 994 2929 dixit,
1011 2872 1066 2936 per
1080 2854 1169 2916 uiam
1188 2867 1308 2929 motus,
1322 2866 1370 2917 est
1385 2853 1611 2936 sophisticum.

490 3123 681 3208 Capitulum
704 3132 872 3207 quartum.
898 3123 947 3185 De
969 3121 1158 3188 collectione
1180 3140 1333 3186 errorum
1357 3141 1531 3205 auerroys.
1566 3121 1744 3186 Commen-

408 3244 490 3295 tator
509 3243 616 3294 autem
637 3248 753 3293 omnes
772 3248 893 3293 errores
916 3228 1102 3313 philosophi
1123 3230 1270 3305 asseruit,
1292 3230 1396 3293 immo
1414 3248 1490 3292 cum
1514 3229 1629 3292 maiori
1650 3229 1744 3312 perti-

410 3338 513 3414 nacia,
540 3351 570 3402 et
597 3338 699 3420 magis
725 3336 853 3401 locutus
876 3349 923 3400 est
946 3349 1057 3400 contra
1085 3350 1242 3419 ponentes
1269 3336 1433 3400 mundum
1461 3337 1617 3420 incepisse
1642 3356 1742 3420 quam

410 3444 625 3528 philosophus
641 3443 734 3522 locit3
752 3445 855 3508 immo
870 3444 941 3507 sine
954 3444 1196 3527 comparatione
1212 3443 1286 3527 plus
1300 3456 1347 3507 est
1361 3443 1545 3525 arguendus
1561 3444 1628 3527 ipse
1642 3464 1742 3527 quam

409 3551 636 3636 philosophus,
649 3554 727 3636 quia
741 3552 843 3633 magis
854 3550 972 3614 directe
986 3550 1082 3613 fidem
1098 3562 1242 3614 nostram
1257 3551 1476 3634 impugnauit,
1489 3551 1664 3615 ostendens
1676 3571 1744 3615 esse

410 3658 527 3723 falsum
549 3660 601 3722 cui
623 3678 690 3721 non
711 3671 815 3741 potest
833 3657 964 3721 subesse
983 3656 1118 3732 salsitaS,
1138 3657 1284 3740 eoquod
1307 3659 1466 3722 innitatur
1481 3659 1584 3742 prime
1603 3659 1741 3723 ueritati.

489 3765 556 3849 [30]
582 3766 687 3829 Preter
700 3777 810 3828 tamen
830 3784 952 3828 errores
973 3764 1171 3848 philosophi,
1188 3765 1373 3848 arguendus
1388 3778 1435 3829 est
1449 3767 1526 3849 quia
1546 3767 1745 3850 uituperauit

408 3892 543 3936 omnem
570 3872 685 3956 legem,
709 3885 744 3934 ut
768 3884 854 3955 patet
874 3891 912 3935 ex
935 3873 974 3955 ij⁰
994 3884 1025 3935 et
1045 3871 1091 3948 xi,
1113 3871 1168 3935 vbi
1191 3873 1354 3955 uituperat
1375 3872 1476 3955 legem
1501 3874 1742 3949 cristianorum,

409 3980 529 4043 scilicet
553 3980 655 4062 legem
680 3978 873 4042 catholicam
900 3993 1057 4054 nostram,
1082 3990 1112 4042 et
1135 3980 1231 4042 etiam
1258 3979 1358 4062 legem
1386 3999 1643 4056 sarracenorum,
1667 3981 1744 4063 quia

410 4100 538 4171 ponunt
563 4086 758 4150 creationem
787 4105 893 4149 rerum
921 4101 952 4150 et
976 4085 1099 4169 aliquid
1128 4105 1221 4169 posse
1248 4085 1314 4149 lieri
1341 4106 1380 4150 ex
1406 4087 1541 4150 nichilo.
1569 4086 1622 4150 Sic
1646 4088 1742 4152 etiam

409 4195 571 4277 uituperat
600 4194 696 4277 leges,
724 4195 758 4256 in
788 4194 948 4277 principio
976 4193 1059 4256 tertii
1089 4193 1311 4276 physicorum,
1338 4194 1394 4257 vbi
1421 4193 1491 4257 vult
1515 4194 1603 4277 quod
1632 4207 1744 4258 contra

408 4301 680 4365 consuetudinem
704 4302 811 4385 legum
837 4300 891 4364 alii
917 4312 1035 4383 negant
1060 4301 1255 4384 principium
1285 4320 1340 4384 per
1363 4321 1406 4377 se,
1433 4321 1500 4365 non
1527 4314 1680 4384 negantes
1705 4321 1744 4365 ex

409 4408 531 4472 nichilo
553 4409 654 4472 nichil
679 4408 759 4485 heri,
784 4410 899 4485 immo,
921 4407 1010 4492 quod
1033 4408 1123 4489 peius
1144 4420 1203 4484 est,
1227 4427 1287 4472 nos
1308 4421 1339 4473 et
1359 4408 1440 4475 alios
1462 4422 1606 4473 tenentes
1628 4408 1743 4492 legem,

407 4515 546 4579 derisiue
565 4516 705 4600 appellat
724 4516 893 4600 loquentes
907 4528 937 4579 et
951 4514 1152 4599 garrulantes
1168 4515 1219 4578 uel
1240 4516 1466 4598 garrulatores,
1481 4529 1512 4580 et
1531 4517 1601 4580 sine
1620 4517 1744 4580 ratione

408 4642 442 4686 se
465 4638 644 4687 mouentes.
670 4623 709 4687 Et
729 4625 825 4688 etiam
850 4625 884 4689 in
906 4624 968 4687 vii⁰
989 4623 1197 4707 physicorum
1221 4624 1384 4707 uituperat
1405 4622 1501 4706 leges,
1523 4636 1554 4687 et
1576 4623 1745 4708 loquentes

408 4731 442 4792 in
470 4730 537 4814 lege
560 4750 619 4794 sua
642 4731 782 4814 appellat
805 4731 1003 4806 uoluntates,
1025 4749 1063 4794 eo
1084 4730 1174 4813 quod
1196 4744 1340 4795 asserant
1364 4730 1487 4813 aliquid
1511 4750 1603 4813 posse
1628 4731 1744 4796 habere

408 4856 477 4900 esse
502 4851 573 4921 post
595 4858 662 4901 non
684 4858 763 4902 esse.
786 4837 938 4922 Appellat
960 4839 1056 4901 etiam
1080 4837 1142 4901 hoc
1162 4837 1287 4901 dictum
1313 4837 1530 4914 uoluntatem,
1552 4856 1589 4901 ac
1613 4839 1639 4901 si
1663 4853 1744 4902 esset

408 4943 449 5007 ad
470 4944 623 5028 placitum
645 4958 773 5009 tantum
789 4959 820 5010 et
834 4946 904 5009 sine
923 4946 1015 5009 omni
1037 4946 1173 5019 ratione,
1189 4958 1219 5009 et
1236 4964 1302 5009 non
1323 4944 1430 5009 solum
1451 4945 1551 5009 semel
1565 4959 1597 5009 et
1611 4945 1673 5021 bis,
1688 4945 1743 5009 sed

490 5170 499 5205 ¹
523 5169 569 5231 En
585 5186 689 5251 merge
703 5187 711 5225 :
727 5186 814 5227 causa
828 5185 916 5247 agens
930 5181 968 5225 et.

1772 1692 1785 1736 5

1773 4000 1804 4044 25

1773 4539 1805 4582 30
