4892 6540
978 878 1182 952 “⁵¹7'‘

415 1050 558 1140 aliquem
586 1057 722 1121 modum
751 1057 941 1133 inmixtum,
968 1057 1113 1140 sequitur
1137 1055 1227 1139 quod
1253 1053 1434 1118 intellectus
1461 1054 1558 1117 alicui
1588 1053 1747 1117 inmixtus

416 1164 467 1241 sit,
492 1164 581 1248 quod
605 1183 673 1228 non
696 1165 847 1247 congruit
872 1164 1042 1247 posicioni.

494 1270 613 1334 Adhuc
631 1283 753 1346 autem,
769 1270 795 1334 si
812 1270 993 1335 intellectus
1011 1269 1130 1353 aliquis
1150 1288 1216 1333 non
1232 1268 1465 1333 determinetur
1478 1266 1519 1331 ad
1538 1267 1676 1351 aliquid,
1693 1286 1748 1351 per

416 1379 447 1441 id
476 1379 688 1461 distinguitur
712 1379 754 1442 ab
782 1379 940 1442 omnibus
968 1377 1040 1441 aliis
1068 1377 1158 1440 illam
1188 1389 1339 1440 naturam
1370 1394 1437 1440 non
1467 1376 1746 1459 participantibus.

415 1486 501 1550 Cum
530 1487 641 1551 omnis
668 1487 810 1571 cognitio
836 1486 877 1550 sit
904 1505 960 1569 per
984 1484 1253 1562 similitudinem,
1282 1484 1428 1566 sequitur
1453 1482 1542 1567 quod
1570 1482 1702 1547 illorum
1729 1502 1748 1545 a
1777 1497 1790 1540 5

415 1593 536 1677 quibus
555 1593 767 1677 distinguitur
786 1613 842 1676 per
862 1592 1165 1656 dissimilitudinem
1182 1592 1335 1655 lnullam
1357 1592 1486 1674 penitus
1506 1603 1608 1674 potest
1631 1590 1749 1654 habere

415 1700 647 1783 cognitionem.
673 1700 743 1763 Hoc
764 1713 872 1763 autem
895 1700 1034 1762 omnino
1056 1698 1176 1762 falsum
1199 1711 1258 1773 est,
1280 1718 1357 1761 cum
1380 1697 1562 1761 intellectus
1584 1697 1748 1781 possibilis

415 1808 456 1870 sit
479 1827 546 1891 quo
566 1808 679 1871 omnia
703 1806 770 1870 fieri
796 1806 1024 1891 intelligibilia.

494 1914 612 1978 Adhuc
633 1927 755 1991 autem,
775 1915 801 1978 si
824 1914 948 1998 aliquid
971 1914 1102 1978 materie
1123 1914 1255 1978 haberet
1275 1912 1456 1977 intellectus
1477 1912 1652 1996 possibilis,
1671 1931 1747 1976 cum

416 2023 525 2086 omnis
554 2023 702 2106 potencia
735 2023 865 2106 passiua
893 2042 958 2106 que
984 2035 1032 2085 est
1061 2023 1209 2098 materie,
1239 2042 1295 2105 per
1324 2020 1466 2087 formam
1495 2040 1594 2104 quam
1625 2020 1748 2103 recipit,

416 2126 573 2192 formetur
595 2142 626 2192 et
648 2128 868 2212 distinguatur
890 2129 931 2192 ad
954 2148 1132 2193 commune
1158 2130 1273 2213 speciei
1302 2148 1357 2212 per
1377 2149 1410 2192 se
1434 2127 1486 2192 uel
1511 2147 1567 2211 per
1586 2127 1748 2202 accidens

415 2250 540 2320 oportet
553 2236 642 2320 quod
658 2236 839 2300 intellectus
853 2236 895 2300 ab
909 2236 1065 2300 omnibus
1080 2256 1098 2299 a
1113 2256 1146 2300 se
1161 2237 1295 2320 receptis
1309 2236 1350 2300 ad
1362 2235 1495 2320 aliquod
1510 2254 1577 2301 esse
1593 2235 1750 2299 formetur

415 2342 503 2426 quod
520 2344 554 2405 in
569 2342 746 2407 theofrasto
762 2343 967 2426 reprehendit
980 2343 1180 2407 Aristoteles
1203 2342 1242 2407 Et
1261 2342 1333 2407 ideo
1348 2343 1500 2407 dixerunt
1519 2343 1645 2426 antiqui
1660 2342 1749 2426 quod

416 2448 500 2512 nihil
519 2450 658 2514 omnino
676 2464 724 2514 est
745 2449 927 2513 intellectus
946 2451 1001 2534 qui
1026 2451 1135 2534 recipit
1154 2470 1191 2513 ea
1209 2470 1273 2534 que
1296 2450 1494 2515 uniuersalia
1516 2462 1593 2513 sunt
1613 2469 1669 2532 per
1688 2450 1750 2514 hoc

415 2556 504 2641 quod
533 2570 610 2620 sunt
637 2558 671 2619 in
701 2558 784 2641 ipso,
813 2559 890 2640 quia
917 2557 1101 2621 uniuersale
1129 2558 1311 2621 secundum
1338 2559 1428 2641 quod
1455 2557 1637 2621 vniuersale
1666 2557 1749 2621 nulli

417 2665 546 2747 penitus
574 2664 629 2728 dat
656 2683 736 2741 esse,
763 2665 818 2728 sed
847 2665 1028 2747 potenciam
1056 2665 1237 2749 quandam,
1264 2666 1347 2729 sicut
1373 2679 1404 2730 et
1433 2667 1540 2749 ipsum
1566 2665 1749 2728 uniuersale

417 2771 564 2854 potencia
585 2772 725 2855 quedam
748 2771 855 2835 existit
876 2790 952 2835 cum
974 2786 1060 2848 actu,
1080 2792 1138 2836 ens
1159 2772 1340 2837 secundum
1364 2785 1527 2836 naturam.
1552 2771 1747 2855 Exemplum

417 2877 517 2941 huius
531 2879 683 2944 dicebant
696 2879 825 2942 visibile
843 2879 1024 2943 secundum
1040 2879 1130 2963 quod
1148 2893 1196 2943 est
1216 2881 1249 2942 in
1271 2880 1461 2963 perspicuo;
1479 2879 1541 2943 hoc
1554 2879 1657 2955 enim,
1672 2879 1749 2962 quia

416 2985 450 3047 in
478 2986 648 3069 perspicuo
675 3005 742 3050 non
768 2999 816 3051 est
841 3000 877 3050 ut
904 2988 1046 3070 potentia
1075 2987 1206 3071 physice
1232 2988 1403 3070 recipiente
1429 2989 1550 3070 ipsum.
1580 2986 1655 3050 ideo
1680 3005 1748 3049 non

415 3094 536 3177 accepit
563 3114 632 3158 esse
657 3093 699 3158 ab
727 3096 810 3178 ipso,
837 3096 906 3159 siue
936 3114 990 3179 per
1016 3115 1049 3159 se
1077 3097 1147 3159 siue
1175 3116 1231 3179 per
1255 3096 1416 3171 accidens,
1443 3096 1663 3178 perspicuum,
1692 3112 1750 3157 nec

415 3199 528 3264 album
544 3215 591 3265 est
610 3221 668 3266 nec
923 3207 936 3246 ²
955 3203 1009 3267 sed
1031 3204 1144 3286 pocius
1162 3216 1209 3267 est
1229 3205 1262 3266 in
1284 3204 1355 3286 ipso
1374 3201 1554 3265 secundum
1575 3221 1643 3265 esse
1661 3200 1750 3284 quod

416 3306 537 3371 visibili
562 3306 686 3372 confert
710 3310 930 3392 perspicuum,
952 3323 983 3375 et
1005 3329 1070 3374 non
1095 3308 1274 3373 secundum
1298 3309 1475 3394 essequod
1497 3310 1612 3392 accipit
1634 3307 1675 3371 ab
1698 3327 1748 3372 eo.

417 3413 473 3478 Est
493 3414 582 3477 enim
605 3415 734 3479 visibile
756 3415 839 3479 nihil
861 3416 950 3480 aliud
976 3418 1037 3479 nisi
1062 3416 1153 3481 color
1175 3430 1324 3499 acceptus
1349 3418 1382 3479 in
1406 3436 1474 3480 esse
1498 3415 1637 3499 simplici
1661 3414 1749 3498 quod

417 3520 557 3585 habeta
585 3523 755 3605 perspicuo
782 3523 963 3587 secundum
991 3538 1099 3587 actum
1128 3543 1196 3607 quo
1225 3525 1430 3608 perspicuum
1460 3524 1566 3587 estin
1593 3535 1665 3586 actu
1696 3541 1751 3605 per

416 3627 529 3691 lumen
545 3642 708 3712 receptum
725 3630 759 3692 in
774 3649 890 3694 omnes
907 3644 1012 3714 partes
1032 3632 1134 3713 ipsius
1151 3631 1184 3693 in
1199 3644 1343 3695 extremo
1358 3644 1388 3696 et
1403 3632 1437 3693 in
1455 3629 1618 3713 profundo
1634 3631 1749 3712 ipsius.

417 3735 507 3799 Sicut
525 3749 557 3799 et
576 3736 756 3800 intellectus
778 3737 999 3820 speculatiuus
1022 3739 1091 3801 siue
1111 3738 1294 3802 vniuersale
1314 3737 1350 3822 [f.
1370 3738 1460 3822 207v]
1483 3737 1564 3801 nihil
1588 3736 1678 3800 aliud
1703 3749 1750 3801 est

418 3843 481 3905 nisi
506 3841 610 3906 forma
635 3845 669 3906 in
694 3844 901 3927 simplicitate
924 3864 982 3909 sua
1006 3858 1134 3928 accepta
1160 3846 1341 3909 secundum
1367 3865 1435 3909 esse
1458 3845 1547 3929 quod
1568 3864 1587 3908 a
1608 3843 1750 3927 simplici

417 3949 514 4013 habet
535 3949 745 4033 intelligendo
763 3953 857 4016 cuius
880 3953 949 4035 ipsa
969 3965 1017 4016 est
1038 3952 1150 4016 lumen
1170 3966 1201 4016 et
1219 3954 1409 4017 constitutio
1428 3965 1459 4015 et
1478 3952 1648 4035 ypostasis,
1669 3953 1752 4016 sicut

417 4057 528 4121 lumen
549 4058 714 4142 corporale
728 4060 794 4123 vita
816 4080 881 4124 non
902 4061 943 4124 sit
961 4073 992 4124 et
1012 4059 1084 4124 ideo
1102 4061 1226 4124 colores
1245 4059 1425 4124 secundum
1446 4061 1670 4143 operacionem
1686 4060 1751 4122 vite

418 4184 485 4229 non
506 4164 612 4230 habet.
636 4166 762 4230 Lumen
782 4180 891 4231 autem
912 4167 1127 4251 intelligencie
1146 4167 1327 4232 secundum
1348 4182 1456 4231 actum
1472 4167 1537 4231 vite
1553 4179 1612 4243 est,
1628 4179 1658 4229 et
1679 4165 1751 4229 ideo
1781 4180 1813 4223 ³0

416 4272 598 4337 secundum
625 4286 734 4338 actum
762 4276 826 4338 vite
852 4273 992 4338 formare
1019 4275 1116 4340 habet
1144 4275 1374 4339 intellectuales
1399 4275 1476 4358 quia
1503 4273 1679 4356 intelligere
1704 4286 1752 4337 est

417 4381 526 4444 viuere
551 4382 635 4446 sicut
657 4380 735 4446 dicit
758 4381 966 4459 Aristoteles3
989 4397 1020 4446 et
1043 4384 1203 4466 percipere
1228 4382 1443 4465 intelligibilia
1469 4384 1501 4444 in
1528 4381 1679 4445 theoricis
1704 4395 1751 4444 est

416 4488 525 4551 viuere
540 4489 720 4552 seeundum
742 4489 953 4554 intellectum.
976 4489 1015 4553 Et
1034 4491 1116 4553 sicut
1130 4490 1259 4555 visibile
1272 4504 1319 4554 est
1335 4492 1369 4552 in
1386 4491 1554 4573 perspicuo
1568 4488 1749 4552 secundum

416 4595 505 4678 quod
530 4597 735 4679 perspicuum
759 4598 793 4659 in
815 4610 887 4661 actu
913 4598 1049 4660 luminis
1073 4611 1121 4660 est
1141 4596 1392 4661 determinatum
1415 4596 1455 4660 ad
1478 4597 1656 4660 terminum
1682 4597 1751 4678 ejus

417 4701 505 4786 quod
521 4703 593 4765 visu
610 4704 795 4786 percipitur,
812 4705 855 4768 ita
874 4718 905 4768 et
924 4704 1128 4788 intelligibile
1148 4704 1375 4787 intelligencie,
1391 4717 1463 4768 actu
1483 4716 1648 4787 acceptum
1666 4716 1696 4766 et
1710 4701 1750 4765 ad
1781 4716 1812 4760 35

418 4810 575 4873 terminos
596 4809 786 4893 quidditatis
805 4825 836 4875 et
855 4812 1039 4876 substancie
1061 4813 1103 4875 rei
1128 4811 1286 4875 intellecte
1307 4813 1532 4887 terminatum,
1555 4824 1602 4874 est
1623 4811 1752 4874 vniuer-

418 4916 483 4979 sale
504 4917 593 4999 quod
617 4917 819 5001 intelligitur.
846 4918 916 4983 Hoc
939 4920 1038 5003 igitur
1057 4920 1208 4983 omnium
1234 4920 1522 5003 perypateticorum
1547 4919 1682 5001 antiqua
1705 4930 1752 4980 est

500 5141 509 5173 ¹
530 5141 575 5197 Ms
588 5168 623 5188 =
636 5142 820 5199 dissimilem.
841 5175 875 5185 -
894 5144 906 5177 ¹
925 5143 1049 5200 Lacone
1061 5144 1136 5201 dans
1150 5145 1178 5200 le
1191 5161 1243 5200 ms.

578 5252 728 5284 arbertum
