4872 6552
502 2045 656 2129 Queritur
671 2063 780 2113 utrum
798 2046 856 2112 hec
868 2050 909 2112 sit
920 2068 1013 2112 vera:
1030 2047 1130 2111 homo
1142 2061 1190 2112 est
1200 2047 1323 2112 animal
1337 2048 1429 2112 nullo
1442 2046 1577 2113 homine
1589 2049 1754 2114 existente.

503 2154 542 2219 Et
553 2155 680 2219 videtur
693 2155 780 2238 quod
798 2175 878 2232 non,
891 2158 968 2239 quia
983 2157 1009 2219 si
1025 2155 1126 2219 homo
1141 2176 1208 2220 non
1224 2156 1265 2220 sit
1279 2176 1349 2232 ens,
1364 2155 1464 2220 homo
1478 2177 1543 2221 non
1558 2171 1606 2221 est
1619 2157 1755 2232 animal,

421 2282 459 2325 eo
474 2262 563 2345 quod
578 2262 619 2325 ad
635 2264 844 2345 negacionem
860 2264 1064 2345 superiorum
1082 2264 1227 2345 sequitur
1242 2263 1374 2346 negacio
1390 2262 1594 2327 inferiorum.

503 2370 658 2445 Preterea,
685 2369 779 2432 nullo
805 2369 940 2433 homine
966 2370 1149 2453 particulari
1176 2371 1342 2446 existente,
1368 2371 1393 2433 si
1421 2370 1522 2435 homo
1548 2385 1595 2435 est
1619 2371 1756 2445 animal,

421 2477 540 2560 aliquis
562 2477 663 2541 homo
685 2490 732 2540 est
752 2477 875 2540 animal
900 2492 934 2542 ut
955 2491 1105 2553 socrates,
1128 2477 1177 2541 vel
1201 2478 1298 2561 plat0,
1320 2478 1370 2541 vel
1391 2479 1505 2542 cicero.
1530 2479 1563 2542 Si
1587 2479 1683 2561 igitur
1703 2498 1758 2562 per
1787 2497 1800 2541 5

421 2584 602 2667 ypothesim
624 2581 736 2646 nullus
758 2583 974 2666 singularium
996 2585 1037 2647 sit
1056 2584 1178 2647 animal
1199 2604 1274 2647 cum
1298 2584 1411 2648 nullus
1434 2586 1486 2661 sit,
1508 2585 1636 2649 uidetur
1654 2586 1755 2648 eciam

421 2690 509 2773 quod
532 2691 633 2754 homo
655 2710 723 2754 non
746 2691 787 2755 sit
806 2690 941 2753 animal.

501 2905 636 2981 Contra,
659 2904 834 2969 aristoteles
856 2905 939 2981 uult,
964 2906 996 2967 in
1019 2916 1056 2987 4⁰
1080 2903 1311 2989 metaphysice,
1334 2905 1422 2987 quod
1444 2906 1545 2970 homo
1566 2919 1613 2969 est
1633 2905 1756 2969 animal

422 3013 511 3096 bipes
526 3013 566 3076 de
581 3013 780 3088 necessitate,
795 3012 872 3095 quia
888 3010 989 3077 homo
1005 3012 1067 3076 hoc
1082 3012 1252 3095 significat.
1269 3012 1355 3075 Cum
1371 3014 1468 3096 igitur
1482 3012 1583 3077 homo
1598 3012 1758 3096 significat

420 3119 544 3183 animal
567 3120 669 3203 bipes,
693 3122 764 3204 ipso
785 3122 939 3185 existente
953 3119 1003 3183 vel
1027 3139 1094 3183 non
1116 3120 1283 3196 existente,
1303 3119 1352 3183 vel
1376 3122 1443 3204 ipse
1464 3121 1623 3183 terminus
1644 3121 1757 3184 asinus
1789 3150 1818 3182 10

420 3241 456 3291 ut
472 3228 505 3289 in
521 3228 662 3292 termino
677 3247 745 3290 non
761 3227 817 3292 fiat
830 3230 892 3305 vis,
909 3227 1036 3291 videtur
1051 3227 1139 3310 quod
1156 3227 1257 3291 homo
1271 3241 1318 3292 est
1332 3226 1456 3290 animal
1473 3227 1575 3310 bipes.

502 3334 657 3411 Preterea,
678 3335 771 3398 nullo
795 3334 978 3418 particulari
1006 3334 1142 3398 homine
1167 3335 1334 3410 existente,
1359 3333 1460 3398 homo
1483 3347 1531 3397 est
1554 3334 1666 3410 homo,
1682 3353 1757 3418 ergo

421 3442 521 3506 homo
545 3456 592 3506 est
613 3442 748 3506 animal.
776 3442 931 3506 Probacio
954 3443 1189 3525 consequencie
1212 3462 1219 3504 ε
1243 3443 1320 3524 quia
1341 3440 1503 3504 affirmare
1526 3441 1695 3504 hominem
1718 3440 1758 3504 de

420 3549 531 3632 aliquo
546 3563 593 3613 est
607 3548 769 3612 affirmare
783 3547 908 3612 animal
923 3549 1085 3612 racionale
1099 3548 1138 3612 de
1154 3550 1236 3632 ipso,
1253 3549 1316 3611 nisi
1332 3548 1406 3630 quis
1421 3549 1482 3612 isto
1496 3548 1636 3612 termino
1651 3560 1758 3610 vtatur

420 3656 588 3738 equiuoce.
606 3656 762 3720 Probacio
777 3655 1013 3719 antecedentis:
1027 3657 1104 3738 quia
1119 3669 1173 3719 aut
1189 3655 1290 3720 homo
1304 3667 1351 3718 est
1366 3654 1478 3730 homo,
1492 3668 1548 3718 aut
1560 3674 1627 3718 non
1643 3654 1754 3718 homo.
1790 3675 1818 3718 ιε

420 3761 569 3826 Alterum
592 3763 865 3827 contradictorum
891 3762 931 3825 de
954 3762 1110 3845 quolibet.
1128 3762 1161 3826 Si
1187 3781 1254 3825 non
1279 3761 1393 3837 homo,
1415 3781 1482 3824 non
1508 3775 1612 3844 potest
1632 3760 1694 3824 dici
1718 3760 1758 3823 de

423 3869 569 3945 homine,
598 3889 673 3932 cum
703 3869 989 3933 contradictorium
1019 3869 1058 3932 de
1085 3869 1334 3933 contradictorio
1363 3889 1430 3933 non
1456 3868 1592 3934 dicatur.
1623 3868 1702 3932 ltem
1730 3868 1756 3930 si

421 3975 521 4040 homo
543 3990 591 4040 est
615 3996 681 4040 non
705 3976 819 4052 homo,
841 3990 920 4039 tunc
946 3996 1002 4059 per
1026 3977 1274 4040 conuersionem
1299 3995 1365 4039 non
1393 3975 1495 4039 homo
1517 3988 1564 4039 est
1586 3975 1696 4039 homo.
1719 3973 1758 4037 Et

422 4082 476 4146 illa
500 4103 564 4166 que
587 4084 627 4147 de
650 4103 683 4147 se
708 4083 849 4146 inuicem
875 4095 952 4146 sunt
977 4082 1134 4159 dicibilia,
1154 4083 1194 4147 de
1217 4103 1284 4147 vno
1307 4096 1338 4146 et
1360 4082 1474 4146 eodem
1499 4096 1577 4145 sunt
1599 4081 1756 4156 dicibilia,

420 4203 450 4253 et
476 4189 634 4253 diceretur
658 4190 870 4254 contradictio
896 4190 936 4253 de
961 4190 1075 4254 eodem
1106 4210 1113 4252 :
1140 4190 1240 4254 bomo
1266 4203 1313 4254 est
1339 4210 1407 4254 non
1433 4189 1547 4265 homn,
1566 4190 1628 4251 nisi
1656 4189 1757 4252 homo
1787 4219 1819 4251 20

420 4298 461 4361 sit
480 4294 593 4372 hom0,
613 4310 650 4360 ut
668 4311 799 4379 apparet
818 4296 1012 4379 exponendo
1031 4311 1061 4361 et
1080 4296 1315 4380 significand03
1338 4317 1415 4360 nam
1438 4295 1638 4380 significatur
1656 4295 1757 4359 homo

419 4405 470 4467 cui
493 4424 560 4468 non
581 4403 694 4480 horno,
715 4405 783 4487 ipse
802 4418 849 4468 est
868 4405 969 4468 homo
984 4418 1014 4469 et
1030 4424 1095 4468 non
1117 4405 1228 4468 homo.
1252 4404 1290 4468 Et
1311 4406 1425 4467 iterum
1442 4404 1531 4486 quod
1546 4403 1703 4467 diceretur
1717 4402 1757 4465 de

421 4511 582 4594 predicato
601 4511 759 4575 diceretur
777 4511 816 4574 de
835 4511 991 4587 subiect0,
1012 4512 1150 4576 dicendo
1172 4514 1217 4575 sic
1238 4532 1245 4574 ε
1268 4511 1368 4576 homo
1388 4524 1435 4574 est
1456 4531 1522 4575 non
1546 4511 1646 4574 bomo
1658 4531 1666 4587 3
1688 4528 1755 4573 non

421 4617 522 4682 homo
536 4632 584 4682 est
603 4618 802 4701 predicatum
818 4632 850 4681 et
870 4618 970 4683 homo
984 4632 1032 4681 est
1051 4619 1246 4682 subiectum.
1268 4619 1302 4681 Si
1323 4619 1421 4701 igitur
1436 4638 1491 4701 per
1505 4619 1754 4681 conuercionem

421 4725 522 4790 homo
537 4726 694 4789 diceretur
708 4725 748 4788 de
764 4725 925 4808 predicato
941 4739 976 4789 ut
991 4726 1030 4789 de
1046 4745 1111 4788 non
1133 4725 1281 4801 homine,
1297 4726 1455 4789 diceretur
1469 4745 1543 4808 ergo
1558 4725 1597 4787 de
1612 4724 1756 4788 subiecto
1786 4742 1817 4786 25

420 4846 456 4895 ut
471 4832 511 4895 de
526 4831 670 4896 homine.
689 4832 723 4896 Si
740 4833 837 4915 igitur
852 4832 953 4897 homo
968 4848 1015 4896 est
1031 4853 1097 4897 non
1115 4832 1228 4908 home,
1245 4834 1312 4916 ipse
1326 4845 1373 4896 est
1393 4832 1493 4897 homo
1508 4845 1540 4896 et
1554 4851 1620 4896 non
1642 4831 1755 4908 hom0,

419 4954 449 5003 et
472 4941 518 5003 sic
541 4940 788 5004 contradictoria
811 4940 851 5004 de
874 4941 1002 5017 eodem,
1025 4941 1113 5024 quod
1140 4960 1215 5004 cum
1244 4941 1287 5004 sit
1314 4940 1528 5024 impossibile,
1552 4939 1756 5022 impossibile

419 5062 466 5111 est
495 5067 561 5111 non
589 5046 758 5111 hominem
782 5066 851 5110 esse
875 5048 1057 5112 hominem.
1083 5048 1165 5132 Ergo
1187 5048 1403 5111 necessarium
1426 5061 1473 5111 est
1495 5047 1665 5111 bominem
1688 5066 1756 5111 esse

420 5154 602 5229 hominem,
618 5155 695 5237 quia
713 5155 808 5217 cuius
826 5155 1013 5238 oppositum
1034 5168 1081 5219 est
1104 5155 1306 5238 impossibile
1328 5156 1436 5237 ipsum
1457 5167 1504 5218 est
1524 5156 1753 5217 necessarium.

525 5274 676 5306 arrssnrces
1634 5272 1651 5316 4
