4872 6552
1254 883 1482 946 -108-

702 1073 833 1136 materia
857 1073 966 1135 sicut¹
988 1073 1076 1154 prius
1098 1071 1207 1134 uisum
1232 1071 1305 1135 suit.
1332 1071 1414 1153 Ergo
1436 1090 1503 1133 non
1528 1069 1622 1133 debet
1646 1070 1854 1152 multiplicari
1880 1068 2036 1152 multipli-

700 1180 831 1242 cacione
851 1180 994 1255 materie,
1016 1199 1121 1263 neque
1136 1184 1148 1222 ²
1169 1178 1470 1261 multiplicaciohe⁸
1488 1197 1662 1260 corporum
1680 1176 1913 1240 humanorum.

724 1274 732 1292 ⁹
783 1286 822 1348 Et
839 1285 1052 1350 confirmatur
1071 1287 1130 1350 ista
1149 1286 1235 1349 racio
1246 1307 1255 1363 3
1276 1287 1352 1369 quia
1372 1284 1499 1348 differre
1521 1286 1554 1346 in
1575 1286 1689 1367 specie,
1706 1285 1788 1346 sicut
1806 1283 1915 1346 differt
1937 1285 2036 1347 homo

700 1394 742 1456 ab
761 1395 866 1469 asino,
887 1406 935 1456 est
953 1392 1081 1456 differre
1102 1413 1156 1475 per
1175 1392 1328 1456 formam.
1352 1391 1488 1455 Differre
1506 1405 1614 1454 autem
1632 1395 1645 1434 ⁴
1663 1391 1773 1473 aliquo
1794 1410 1943 1465 numero,
1959 1410 2034 1454 cum

658 1518 671 1562 5
702 1501 767 1563 sint
785 1500 930 1563 eiusdem
952 1501 1080 1582 speciei,
1101 1501 1183 1562 sicut
1198 1498 1354 1562 differunt
1372 1498 1439 1562 duo
1458 1500 1544 1581 equi,
1566 1512 1613 1561 est
1631 1497 1759 1560 differre
1779 1517 1834 1580 per
1854 1499 2034 1572 materiam,

702 1627 758 1690 per
772 1608 833 1670 hoc
848 1607 936 1690 quod
954 1607 1058 1670 forma
1073 1608 1147 1690 equi
1164 1607 1260 1669 habet
1279 1626 1346 1669 esse
1361 1607 1394 1668 in
1411 1606 1548 1669 diuersis
1564 1606 1710 1688 partibus
1724 1607 1737 1646 ⁶
1753 1606 1894 1669 materie.
1913 1604 1959 1666 Ex
1975 1604 2036 1667 hoc

702 1716 746 1777 sic
768 1715 923 1797 arguitur.
947 1714 1044 1793 Quod
1068 1713 1163 1777 habet
1186 1733 1254 1776 esse
1276 1715 1473 1776 abstractum
1496 1732 1515 1774 a
1538 1714 1698 1795 principio
1719 1724 1871 1775 causante
1892 1711 2035 1794 aliquem

615 1813 620 1824 ’
702 1841 897 1897 numerum,
934 1820 1175 1895 differenciam,
1216 1840 1272 1883 seu
1314 1819 1637 1902 multiplicacionem,
1671 1833 1756 1882 caret
1791 1818 1848 1882 illo
1885 1838 2035 1893 numer0,

701 1927 900 2003 differencia,
928 1948 982 1991 seu
1012 1926 1298 2009 multiplicacione.
1327 1926 1389 1990 Sed
1415 1927 1528 1989 anima
1556 1925 1763 2001 intellectiua,
1791 1927 1817 1987 si
1845 1925 1941 1989 habet
1968 1945 2036 1989 esse

643 2067 672 2098 ιο
702 2047 884 2118 separatum
908 2055 926 2097 a
949 2035 1094 2109 materia,
1117 2035 1314 2097 abstractum
1337 2053 1405 2097 esse
1427 2033 1563 2096 habeta
1586 2033 1745 2115 principio
1769 2045 1922 2095 causante
1945 2032 2036 2096 diffe-

702 2143 856 2217 renciam,
874 2162 1048 2204 numerum
1066 2155 1096 2204 et
1111 2140 1422 2224 multiplicacionem
1438 2140 1623 2224 aliquorum
1640 2139 1701 2203 sub
1716 2159 1782 2203 vna
1797 2141 1911 2222 specie.
1929 2139 2036 2220 Quare

703 2270 768 2313 non
785 2249 938 2312 videntur
952 2269 1020 2312 esse
1036 2249 1144 2331 plures
1158 2250 1269 2312 anime
1285 2249 1479 2311 intellectiue
1493 2248 1637 2311 eiusdem
1655 2249 1780 2330 speciei.

781 2358 931 2421 Secundo
946 2357 1002 2419 sic.
1021 2356 1120 2419 Nulla
1136 2370 1251 2419 natura
1266 2360 1346 2439 per6
1361 2376 1393 2419 se
1409 2356 1599 2431 subsistens,
1616 2356 1812 2418 abstractum
1828 2375 1897 2419 esse
1912 2355 2036 2419 habens

700 2485 718 2527 a
735 2465 879 2539 materia,
895 2478 926 2526 et
941 2464 986 2525 sic
1000 2463 1040 2526 de
1055 2483 1087 2526 se
1104 2463 1321 2539 indiuiduata,
1338 2476 1440 2546 potest
1462 2463 1579 2525 habere
1599 2462 1770 2525 indiuidua
1791 2463 1883 2546 plura
1899 2482 2036 2526 numero

643 2595 671 2639 15
700 2570 897 2634 differencia.
925 2570 987 2634 Sed
1009 2572 1119 2633 anima
1147 2570 1343 2634 intellectiua
1366 2590 1420 2653 per
1446 2591 1478 2634 se
1504 2571 1684 2633 subsistens
1707 2583 1754 2633 est
1773 2573 1797 2647 ⁷,
1821 2590 1889 2632 esse
1911 2570 2036 2634 habens

700 2679 897 2741 abstractum
914 2698 932 2740 a
953 2680 1097 2753 materia,
1118 2690 1149 2741 et
1168 2680 1213 2740 sic
1231 2679 1272 2741 de
1291 2698 1323 2741 se
1343 2678 1559 2741 indiuiduata.
1578 2677 1688 2760 Ετςο8
1709 2697 1775 2741 non
1797 2691 1899 2760 potest
1919 2678 2036 2742 habere

702 2785 874 2849 indiuidua
890 2786 983 2867 plura
998 2786 1059 2849 sub
1076 2806 1142 2848 una
1157 2786 1271 2868 specie.

781 2892 888 2955 Maior
901 2893 1000 2956 huius
1016 2894 1154 2956 racionis
1170 2894 1215 2955 sic
1230 2892 1410 2956 declaratur
1424 2897 1447 2955 1.
1465 2893 1499 2956 Si
1520 2894 1621 2955 homo
1636 2892 1675 2955 de
1695 2893 1745 2955 sui
1768 2894 1895 2955 racione
1915 2906 1995 2956 esset
2012 2895 2036 2935 1⁰

701 3002 771 3076 iste,
799 3020 854 3063 seu
883 2999 1041 3076 Socrates,
1070 3002 1193 3064 sicut¹¹
1221 3020 1287 3063 non
1316 3012 1453 3083 possunt
1481 3020 1548 3063 esse
1578 3000 1685 3083 plures
1714 3001 1864 3063 homines
1893 3020 2034 3083 quorum

640 3144 671 3175 20
700 3108 838 3190 quilibet
852 3108 892 3171 sit
908 3107 1065 3182 Socrates,
1079 3128 1134 3170 seu
1150 3109 1207 3171 iste
1220 3108 1332 3183 homo,
1349 3110 1394 3170 sic
1410 3127 1467 3170 nec
1483 3111 1508 3150 1²
1524 3121 1654 3190 possent
1666 3126 1734 3170 esse
1749 3107 1857 3190 plures
1873 3108 2033 3171 homines.

702 3215 799 3276 Nunc
813 3228 921 3277 autem
943 3216 969 3277 si
991 3213 1092 3277 homo
1111 3230 1192 3278 esset
1211 3234 1318 3298 perse
1339 3215 1529 3290 subsistens,
1548 3215 1743 3278 abstractum
1765 3235 1783 3276 a
1803 3215 2034 3298 singularibus,

701 3321 802 3384 homo
818 3321 857 3384 de
878 3323 927 3383 sui
949 3323 1077 3385 racione
1093 3321 1223 3385 haberet
1237 3342 1304 3385 esse
1321 3322 1578 3386 indiuiduatum.
1596 3321 1715 3385 Omnis
1730 3341 1804 3404 ergo
1820 3325 1845 3364 ¹³
1860 3322 1965 3385 forma
1982 3342 2036 3406 per

701 3450 734 3494 se
754 3432 945 3507 subsistens,
963 3450 1029 3493 non
1050 3430 1176 3493 habens
1195 3449 1263 3492 esse
1284 3431 1459 3505 materiale,
1480 3431 1519 3492 de
1538 3432 1588 3493 sui
1605 3433 1733 3494 racione
1747 3444 1793 3494 est
1810 3430 2013 3494 indiuiduata
2024 3452 2033 3508 3

700 3553 730 3602 et
752 3559 826 3602 cum
849 3538 948 3601 nichil
971 3537 1213 3600 individuatum
1236 3538 1337 3619 possit
1355 3556 1423 3599 esse
1442 3557 1619 3600 commune
1640 3537 1800 3620 pluribus,
1822 3537 1911 3600 nulla
1933 3539 2035 3602 forma

639 3668 671 3711 25
701 3647 871 3710 liberatum
902 3667 970 3709 esse
999 3646 1123 3709 habens
1152 3648 1177 3687 1⁴
1204 3665 1223 3706 a
1253 3646 1386 3707 materia
1423 3658 1525 3728 potest
1560 3665 1628 3708 esse
1663 3647 1851 3708 communis
1886 3645 2035 3728 pluribus

702 3754 882 3817 indiuiduis
893 3775 902 3831 ;
933 3755 977 3817 ita
1005 3752 1092 3835 quod
1122 3751 1302 3815 secundum
1333 3753 1413 3829 hoc,
1444 3755 1477 3814 in
1506 3753 1651 3835 qualibet
1679 3753 1782 3835 specie
1815 3766 2034 3835 separatarum

701 3848 993 3944 intelligenciarum
1014 3881 1032 3923 a
1053 3861 1197 3935 materia,
1215 3880 1281 3922 non
1301 3874 1348 3923 est
1368 3861 1429 3922 nisi
1446 3862 1542 3922 unica
1558 3862 1582 3902 1⁵
1598 3880 1735 3923 numero
1756 3861 1983 3943 intelligencia,
2001 3862 2034 3922 in

700 3988 766 4052 quo
795 3981 826 4031 et
852 3980 1088 4032 consenserunt
1115 3987 1231 4030 omnes
1260 3966 1457 4049 philosophi.
1490 3967 1585 4030 Vnde
1613 3967 1703 4031 Plato
1732 3968 1828 4051 ydeas
1856 3966 1977 4031 faciens
2005 3980 2036 4031 et

701 4078 821 4159 species
843 4096 949 4138 rerum
974 4075 1189 4138 materialium
1211 4088 1370 4157 separatas
1391 4094 1410 4136 a
1432 4075 1576 4149 materia,
1594 4076 1627 4135 in
1649 4051 1714 4138 lna
1738 4075 1842 4157 specie
1860 4077 1993 4139 vnicum
2010 4077 2036 4117 ¹⁶

640 4204 671 4247 30
702 4185 809 4266 posuit
829 4183 1040 4245 indiuiduum
1057 4185 1092 4243 1⁷.

781 4290 892 4353 Minor
906 4304 1013 4353 autem
1032 4289 1171 4372 predicte
1186 4289 1324 4352 racionis
1340 4290 1490 4371 apparuit
1510 4290 1669 4372 superius,
1685 4291 1783 4354 tercio
1798 4289 1952 4372 capitulo.

781 4397 878 4477 Quod
901 4398 926 4459 si
949 4397 1130 4479 quisdicat
1152 4417 1227 4459 cum
1251 4397 1292 4458 sit
1312 4397 1424 4459 anima
1449 4397 1643 4460 intellectiua
1667 4397 1776 4480 aliqua
1800 4399 1834 4459 in
1860 4418 1924 4473 me,
1948 4397 2034 4460 Deus

703 4519 806 4588 potest
828 4504 928 4567 facere
950 4503 1046 4566 aliam
1070 4503 1210 4566 similem
1228 4505 1308 4578 ei1⁸,
1331 4518 1361 4566 et
1381 4517 1476 4566 erunt
1498 4503 1616 4587 plures,
1635 4503 1816 4567 Dicendum
1837 4504 1925 4587 quod
1948 4505 2035 4568 Deus

703 4633 768 4677 non
794 4625 898 4696 potest
919 4611 1167 4674 contradictoria
1188 4624 1219 4674 et
1239 4612 1399 4694 opposita.
1426 4610 1594 4688 Similiter,
1617 4630 1676 4674 nec
1698 4624 1802 4694 potest
1823 4612 1910 4676 Deus
1934 4612 2035 4676 iacere

784 4890 827 4941 ¹V
889 4889 1040 4944 ιιι-Ῥ
1101 4889 1457 4946 seu.-⁸P-1.-⁴V
1496 4890 1698 4944 .vero.-⁶V
1754 4888 2031 4960 partibusdiuersis.
2125 4908 2130 4919 ·

702 4980 795 5035 —⁶P
857 4979 1235 5034 sub.-²V·1.-⁸V
1295 4980 1505 5049 igitur.-—⁹V
1570 4979 1921 5035 determinatur.-¹⁰P
1978 4990 2031 5034 est.

701 5068 1032 5123 -¹¹V..-sic.—¹'P
1094 5068 1298 5123 non.-¹⁸V⁷
1341 5068 1548 5139 igitur.—¹⁴V
1605 5068 1927 5124 habensesse.·-¹⁶V⁷
1965 5084 2030 5123 vna.

702 5158 808 5211 -¹⁶V
870 5158 1093 5213 vnum-“V
1154 5174 1245 5215 vnum
1261 5157 1451 5215 indiuiduum
1467 5158 1948 5230 ponit-¹⁸V-sibisimilem,
