4906 6542
1719 895 1783 938 LVll

447 1059 574 1147 qu’elle
605 1059 774 1127 demeura
801 1081 845 1127 en
874 1060 1005 1127 dehors
1032 1061 1075 1127 de
1104 1060 1180 1127 leur
1210 1061 1341 1142 action,
1373 1077 1436 1142 est,
1468 1062 1559 1128 ainsi
1590 1083 1659 1149 que
1692 1084 1783 1130 nous

449 1176 583 1242 l'avons
611 1176 662 1241 dit
689 1176 779 1265 dejA,
812 1196 882 1242 une
913 1177 1088 1264 theologie
1108 1178 1384 1265 augustinienne
1410 1183 1433 1243 1.
1467 1178 1561 1244 Chez
1589 1180 1782 1266 Augustin,

450 1292 480 1358 le
499 1293 695 1379 dogmeest
713 1292 842 1358 misen
860 1307 1001 1359 contact
1019 1314 1101 1360 avec
1122 1293 1170 1359 les
1190 1294 1344 1360 theorias
1367 1294 1660 1381 platonicienneS,
1686 1297 1784 1363 telles

448 1407 594 1495 qu'elles
613 1408 822 1475 circulaient
840 1409 883 1475 de
903 1430 967 1475 son
990 1423 1104 1496 temps
1123 1415 1146 1473 2.
1169 1411 1231 1490 Or,
1254 1410 1276 1475 il
1297 1432 1318 1497 y
1339 1410 1433 1476 avait
1451 1411 1540 1477 dans
1561 1411 1610 1477 les
1630 1411 1784 1478 theories

449 1527 495 1591 du
520 1523 604 1591 chef
626 1526 668 1591 de
692 1524 905 1591 l'Academie
931 1546 1000 1591 une
1025 1524 1118 1591 force
1140 1540 1173 1591 et
1195 1547 1266 1592 une
1289 1526 1462 1592 laiblesse.
1488 1527 1578 1592 Tres
1602 1528 1727 1594 hautes
1751 1543 1783 1595 et

449 1642 519 1707 tres
541 1640 761 1707 lumineuses
781 1642 870 1707 dans
893 1641 923 1707 le
944 1642 1110 1707 domainc
1131 1643 1174 1707 de
1189 1642 1228 1707 -la
1253 1641 1432 1708 theodicee
1455 1656 1488 1707 et
1511 1644 1553 1708 de
1578 1642 1609 1708 la
1633 1645 1784 1731 psycho-

450 1757 557 1845 logie‚
593 1778 647 1823 ses
680 1756 774 1822 ideas
807 1756 937 1823 etaient
970 1756 1050 1844 plus
1085 1778 1179 1823 rares
1212 1771 1245 1824 et
1278 1758 1359 1846 plus
1393 1758 1596 1825 vacillantes
1629 1759 1720 1825 dans
1754 1760 1784 1827 le

449 1873 615 1939 domaine
646 1874 706 1938 des
739 1873 893 1939 sciences
927 1873 1117 1939 naturelles
1148 1887 1181 1940 et
1211 1875 1390 1960 positives.
1426 1874 1518 1940 Elles
1552 1876 1785 1962 manquaient

449 1989 555 2056 d'une
584 1991 665 2056 base
693 1988 916 2075 scientifique
945 1989 1067 2055 solide.
1102 1990 1150 2055 La
1179 1990 1353 2076 thlologie
1383 1990 1659 2077 augustinienne
1689 1991 1786 2058 etant

448 2105 645 2193 cmpreinte
673 2106 715 2171 de
742 2105 973 2185 Platonisme,
1001 2105 1065 2171 elle
1091 2126 1133 2171 en
1164 2106 1355 2193 partageait
1384 2106 1432 2171 les
1460 2120 1648 2194 avantages
1675 2119 1708 2173 et
1737 2108 1785 2174 les

450 2221 732 2288 inconvenients.
765 2222 831 2287 Les
857 2235 1046 2309 avantages
1074 2242 1110 2287 se
1139 2219 1301 2287 faisaient
1329 2222 1440 2287 sentir
1464 2221 1554 2287 dans
1583 2222 1631 2288 les
1661 2223 1785 2289 hautes

450 2337 701 2425 speculations,
727 2359 789 2403 sur
810 2338 898 2404 Dieu
925 2352 957 2404 et
981 2359 1043 2404 sur
1063 2337 1248 2404 l’homme.
1276 2338 1341 2403 Les
1366 2338 1636 2404 inconvenients
1656 2338 1786 2406 etaient

449 2454 539 2521 dans
564 2454 597 2520 la
623 2454 788 2520 methode
809 2474 876 2541 peu
897 2454 1112 2541 didactique,
1134 2454 1250 2520 visant
1269 2454 1289 2518 a
1310 2453 1341 2519 la
1362 2453 1580 2541 speculation
1606 2455 1716 2521 idlale
1740 2476 1784 2521 en

452 2570 651 2658 negligeant
679 2570 727 2636 les
755 2570 913 2636 donnees
938 2570 1232 2657 experimentales
1260 2571 1302 2635 de
1332 2570 1363 2635 la
1390 2570 1538 2649 science,
1565 2585 1598 2636 et
1624 2570 1787 2637 utilisant

450 2687 482 2753 la
512 2687 629 2753 raison
659 2701 692 2753 et
721 2686 752 2751 la
782 2684 829 2753 foi
858 2707 942 2752 sans
969 2685 1099 2752 delinit
1127 2685 1391 2753 suffisamment
1423 2686 1498 2752 leur
1528 2687 1707 2752 domaine.
1739 2687 1785 2752 lls

449 2802 579 2868 etaient
602 2802 696 2868 aussi
722 2804 812 2867 dans
836 2801 991 2889 l'emploi
1014 2803 1056 2868 de
1078 2802 1230 2869 theorias
1252 2802 1549 2889 philosophiques
1573 2802 1786 2870 discutables

450 2932 483 2984 et
515 2919 545 2984 le
578 2939 734 3005 marique
767 2918 1043 3005 d'organisation
1077 2919 1123 2984 du
1158 2920 1286 3006 dogmc
1319 2939 1361 2985 en
1397 2940 1445 2984 un
1480 2939 1583 3006 corps
1617 2918 1785 3006 systema·

451 3035 547 3122 tique
563 3040 587 3098 ³.
609 3036 656 3101 La
674 3034 901 3122 philosophie
917 3053 951 3101 et
968 3035 998 3100 la
1017 3034 1192 3122 theologie
1209 3035 1423 3121 d'Augustin
1442 3034 1605 3101 devaient
1620 3035 1786 3100 dominer

539 3267 548 3297 ¹
570 3266 600 3322 F.
621 3265 730 3331 Erratis,
746 3266 808 3320 Der
825 3265 1075 3338 Augustinismus
1092 3265 1153 3319 und
1167 3266 1221 3320 der
1234 3266 1476 3321 Aristotelismus
1494 3265 1524 3321 in
1541 3266 1596 3320 der
1613 3266 1784 3321 Scholastilr

448 3371 546 3428 gagen
566 3354 652 3410 Ende
665 3355 715 3409 des
733 3353 770 3409 13
783 3354 1017 3419 Jahrlrunderts,
1034 3355 1140 3409 Archiv
1155 3354 1174 3408 f.
1193 3355 1261 3410 Lit-
1276 3372 1305 3409 u.
1322 3355 1625 3426 Kirchengeschichte,
1642 3357 1674 3421 V,
1691 3373 1718 3428 p.
1734 3355 1785 3411 603

450 3457 477 3500 et
492 3444 585 3508 suiv.;
604 3445 637 3503 K.
653 3445 795 3509 Wannsn,
811 3444 873 3498 Der
884 3443 1134 3517 Augustinismus
1147 3445 1198 3498 des
1212 3444 1358 3516 Spia'teren
1374 3445 1580 3510 Miltelallers,
1596 3445 1633 3498 W
1637 3445 1692 3509 ien,
1709 3446 1784 3511 1883,

451 3551 478 3606 p.
496 3552 503 3588 ι
521 3546 548 3589 et
562 3534 653 3597 suiv.;
671 3535 704 3588 K.
721 3534 864 3599 Wtansu,
879 3534 941 3587 Der
954 3532 1284 3606 Enliviclrelungsgang
1296 3535 1351 3588 ἄεν
1366 3534 1641 3589 millelallerliclrcn
1658 3534 1787 3607 Psyclco·

450 3624 532 3695 logie
544 3640 599 3678 von
613 3623 725 3677 Alcuin
742 3623 786 3678 bis
798 3623 942 3677 Alberlus
955 3623 1098 3695 Magnus,
1116 3624 1210 3689 wien,
1231 3623 1306 3694 1876,
1323 3639 1350 3694 p.
1366 3625 1410 3693 43.

539 3713 549 3744 ¹
570 3714 602 3767 l..
618 3714 845 3778 Gaauooaonos,
866 3712 955 3766 Saint
973 3712 1127 3785 Angustia
1147 3720 1175 3767 et
1194 3714 1221 3766 le
1234 3712 1508 3778 Neo-Platonisme,
1523 3714 1613 3779 Paris,
1632 3714 1707 3786 1896,
1725 3731 1752 3786 p.
1771 3730 1785 3769 2

450 3815 477 3858 et
491 3802 566 3859 suiv.

538 3892 549 3923 ⁸
569 3893 663 3965 Voyez
683 3892 889 3963 specialement
907 3907 957 3947 sur
975 3893 1014 3947 les
1033 3892 1186 3963 questions
1204 3892 1239 3946 de
1256 3894 1280 3947 la
1297 3893 1524 3964 predestination
1546 3895 1627 3949 etde
1647 3896 1672 3948 la
1692 3898 1784 3964 grace,

450 3984 475 4037 la
491 3982 579 4054 partie
595 3981 757 4053 cependant
772 3983 797 4036 la
811 3983 877 4053 plus
892 3982 1101 4054 systematique
1114 3981 1151 4036 de
1169 3983 1286 4036 l’oeuvre
1301 3982 1476 4052 d’Augustin
1494 3999 1500 4038 :
1522 3984 1557 4037 Ο.
1577 3984 1785 4049 Romanunm,

450 4073 512 4126 Der
535 4071 796 4143 Augustinismus‚
826 4072 985 4136 Mllnchen,
1013 4074 1089 4143 1892,
1114 4088 1202 4144 p.29.
1222 4072 1332 4125 —Nec
1357 4072 1496 4137 Galenus,
1524 4089 1576 4127 nec
1602 4074 1787 4143 Augustinus

450 4162 596 4216 sciverunt
618 4162 689 4215 bene
708 4173 826 4215 naturas
845 4176 952 4215 rerum.
969 4161 1105 4215 Albertus
1120 4161 1255 4227 Magnus,
1272 4160 1406 4233 Physic,
1423 4162 1472 4215 lib.
1492 4162 1537 4228 lV,
1554 4174 1587 4217 tr.
1604 4179 1642 4228 rii,
1658 4178 1683 4216 c.
1702 4180 1738 4216 iv.
1753 4195 1786 4202 —

450 4251 530 4305 Scias
546 4249 627 4322 quod
644 4266 704 4305 non
721 4250 868 4321 perficitur
887 4251 977 4305 homo
998 4250 1026 4304 in
1048 4250 1244 4322 philosophia,
1262 4251 1316 4305 nisi
1333 4268 1366 4305 ex
1383 4251 1501 4307 scientia
1516 4252 1642 4306 duarum
1659 4252 1787 4323 philoso-

451 4341 597 4412 phiarum,
623 4340 786 4395 Aristotelis
807 4351 835 4394 et
857 4340 995 4395 Platonis.
1020 4341 1155 4396 Albertus
1179 4342 1231 4406 nt,
1256 4340 1402 4412 Metaplr,
1427 4341 1475 4395 lib.
1498 4341 1519 4405 Ι,
1543 4354 1578 4396 tr.
1597 4357 1626 4406 v,
1649 4357 1674 4395 c.
1691 4359 1737 4396 xv.
1753 4373 1786 4380 -

449 4429 645 4499 Augustinus,
672 4429 723 4499 qui
748 4428 890 4483 doctrinis
917 4429 1134 4485 Platonicorum
1161 4430 1295 4485 imbutus
1323 4430 1425 4495 luerat,
1452 4430 1475 4485 si
1501 4448 1560 4501 qua
1585 4430 1696 4485 invenit
1720 4430 1785 4484 lidci

449 4518 641 4574 accommoda
661 4519 689 4573 in
708 4534 811 4574 eorum
830 4517 926 4584 dictiS,
943 4519 1114 4590 assumpsit,
1131 4536 1206 4590 quae
1220 4536 1287 4574 vero
1307 4521 1417 4575 invenit
1436 4519 1502 4574 lidei
1524 4531 1638 4574 nostrae
1656 4519 1785 4586 adversa,

451 4608 479 4662 in
496 4608 601 4662 melius
617 4608 822 4663 commutavit.
843 4609 873 4661 S.
889 4608 1035 4678 Thomas,
1049 4607 1172 4662 Summo
1193 4608 1388 4681 Theologica,
1408 4609 1416 4663 Ι
1436 4611 1512 4674 Pars,
1528 4621 1641 4680 quaest.
1658 4609 1701 4679 84,
1718 4625 1743 4665 a.
1760 4610 1785 4663 5.

449 4729 482 4737 -
500 4698 532 4753 ln
556 4698 657 4752 multis
680 4714 755 4767 quae
780 4697 815 4751 ad
845 4697 1063 4769 philosophiam
1089 4700 1234 4769 pertinent
1258 4699 1453 4769 Augustinus,
1477 4699 1570 4755 utitur
1594 4698 1787 4770 opinionibus

452 4788 590 4851 Platonis
620 4804 679 4841 non
709 4787 874 4853 asserendo,
904 4786 952 4841 sed
983 4786 1141 4842 recitanda.
1172 4788 1202 4841 S.
1230 4788 1374 4853 Thomas,
1403 4789 1487 4843 Sum.
1520 4789 1637 4854 Theol,
1668 4790 1677 4843 Ι
1707 4791 1784 4851 Pars,

450 4889 562 4947 quaest.
581 4894 624 4947 77,
640 4894 664 4930 a.
682 4878 707 4930 5.
722 4907 755 4916 -
773 4876 959 4947 Expositores
976 4892 1071 4930 sacrae
1086 4876 1255 4949 Scripturae
1271 4877 1299 4931 in
1317 4878 1373 4932 hoc
1388 4877 1571 4933 diversificati
1588 4892 1667 4945 sunt,
1685 4895 1787 4934 secun-

450 4966 522 5020 dum
542 4965 623 5036 quod
643 4965 825 5021 diversorum
848 4966 1097 5037 Philosophorum
1117 4977 1272 5021 sectatores
1291 4967 1420 5033 luerunt,
1440 4968 1585 5038 aquibus
1607 4968 1635 5022 in
1658 4969 1786 5040 philoso-

452 5055 545 5126 phicis
560 5054 664 5110 eruditi
685 5068 764 5110 sunt.
783 5055 906 5118 Basilius
921 5054 998 5109 enim
1013 5066 1041 5110 et
1060 5056 1245 5125 Augustinus
1265 5068 1293 5111 et
1311 5058 1407 5127 plures
1428 5069 1597 5112 sanctorum
1621 5070 1787 5128 sequuntur

451 5144 478 5199 in
503 5144 725 5219 philosophicis,
747 5161 823 5221 quae
844 5143 880 5199 ad
903 5144 990 5203 fidem
1014 5161 1074 5199 non
1098 5156 1240 5220 spectant,
1262 5146 1416 5223 opiniones
1441 5147 1602 5205 Platonis...
1627 5148 1786 5221 Dionysius
